%YAML 1.1
%TAG !u! tag:unity3d.com,2011:
--- !u!29 &1
OcclusionCullingSettings:
  m_ObjectHideFlags: 0
  serializedVersion: 2
  m_OcclusionBakeSettings:
    smallestOccluder: 5
    smallestHole: 0.25
    backfaceThreshold: 100
  m_SceneGUID: 00000000000000000000000000000000
  m_OcclusionCullingData: {fileID: 0}
--- !u!104 &2
RenderSettings:
  m_ObjectHideFlags: 0
  serializedVersion: 9
  m_Fog: 1
  m_FogColor: {r: 0.2451149, g: 0.1956212, b: 0.26415092, a: 1}
  m_FogMode: 3
  m_FogDensity: 0.03
  m_LinearFogStart: 0
  m_LinearFogEnd: 300
  m_AmbientSkyColor: {r: 0.21744092, g: 0.16945532, b: 0.3018868, a: 1}
  m_AmbientEquatorColor: {r: 0.114, g: 0.125, b: 0.133, a: 1}
  m_AmbientGroundColor: {r: 0.047, g: 0.043, b: 0.035, a: 1}
  m_AmbientIntensity: 1
  m_AmbientMode: 3
  m_SubtractiveShadowColor: {r: 0.42, g: 0.478, b: 0.627, a: 1}
  m_SkyboxMaterial: {fileID: 2100000, guid: b7636ca95d0e1eb408ee3f0dd89047fd, type: 2}
  m_HaloStrength: 0.5
  m_FlareStrength: 1
  m_FlareFadeSpeed: 3
  m_HaloTexture: {fileID: 0}
  m_SpotCookie: {fileID: 10001, guid: 0000000000000000e000000000000000, type: 0}
  m_DefaultReflectionMode: 0
  m_DefaultReflectionResolution: 128
  m_ReflectionBounces: 1
  m_ReflectionIntensity: 1
  m_CustomReflection: {fileID: 0}
  m_Sun: {fileID: 0}
  m_IndirectSpecularColor: {r: 0, g: 0, b: 0, a: 1}
  m_UseRadianceAmbientProbe: 0
--- !u!157 &3
LightmapSettings:
  m_ObjectHideFlags: 0
  serializedVersion: 11
  m_GIWorkflowMode: 1
  m_GISettings:
    serializedVersion: 2
    m_BounceScale: 1
    m_IndirectOutputScale: 1
    m_AlbedoBoost: 1
    m_EnvironmentLightingMode: 1
    m_EnableBakedLightmaps: 1
    m_EnableRealtimeLightmaps: 1
  m_LightmapEditorSettings:
    serializedVersion: 12
    m_Resolution: 2
    m_BakeResolution: 40
    m_AtlasSize: 1024
    m_AO: 0
    m_AOMaxDistance: 1
    m_CompAOExponent: 1
    m_CompAOExponentDirect: 0
    m_ExtractAmbientOcclusion: 0
    m_Padding: 2
    m_LightmapParameters: {fileID: 0}
    m_LightmapsBakeMode: 1
    m_TextureCompression: 1
    m_FinalGather: 0
    m_FinalGatherFiltering: 1
    m_FinalGatherRayCount: 256
    m_ReflectionCompression: 2
    m_MixedBakeMode: 2
    m_BakeBackend: 1
    m_PVRSampling: 1
    m_PVRDirectSampleCount: 32
    m_PVRSampleCount: 512
    m_PVRBounces: 2
    m_PVREnvironmentSampleCount: 256
    m_PVREnvironmentReferencePointCount: 2048
    m_PVRFilteringMode: 1
    m_PVRDenoiserTypeDirect: 1
    m_PVRDenoiserTypeIndirect: 1
    m_PVRDenoiserTypeAO: 1
    m_PVRFilterTypeDirect: 0
    m_PVRFilterTypeIndirect: 0
    m_PVRFilterTypeAO: 0
    m_PVREnvironmentMIS: 1
    m_PVRCulling: 1
    m_PVRFilteringGaussRadiusDirect: 1
    m_PVRFilteringGaussRadiusIndirect: 5
    m_PVRFilteringGaussRadiusAO: 2
    m_PVRFilteringAtrousPositionSigmaDirect: 0.5
    m_PVRFilteringAtrousPositionSigmaIndirect: 2
    m_PVRFilteringAtrousPositionSigmaAO: 1
    m_ExportTrainingData: 0
    m_TrainingDataDestination: TrainingData
  m_LightingDataAsset: {fileID: 0}
  m_UseShadowmask: 1
--- !u!196 &4
NavMeshSettings:
  serializedVersion: 2
  m_ObjectHideFlags: 0
  m_BuildSettings:
    serializedVersion: 2
    agentTypeID: 0
    agentRadius: 0.5
    agentHeight: 2
    agentSlope: 50.3
    agentClimb: 0.4
    ledgeDropHeight: 0
    maxJumpAcrossDistance: 0
    minRegionArea: 2
    manualCellSize: 0
    cellSize: 0.16666667
    manualTileSize: 0
    tileSize: 256
    accuratePlacement: 0
    debug:
      m_Flags: 0
  m_NavMeshData: {fileID: 23800000, guid: 570fd151507901746a97f10d75d5375a, type: 2}
--- !u!1001 &345297353
PrefabInstance:
  m_ObjectHideFlags: 0
  serializedVersion: 2
  m_Modification:
    m_TransformParent: {fileID: 0}
    m_Modifications:
    - target: {fileID: 8954338899332711555, guid: e6e721c13108569428b98a38ff98291b,
        type: 3}
      propertyPath: m_Name
      value: GlobalDebugCamera
      objectReference: {fileID: 0}
    - target: {fileID: 8954338899332711559, guid: e6e721c13108569428b98a38ff98291b,
        type: 3}
      propertyPath: m_LocalPosition.x
      value: 2.2
      objectReference: {fileID: 0}
    - target: {fileID: 8954338899332711559, guid: e6e721c13108569428b98a38ff98291b,
        type: 3}
      propertyPath: m_LocalPosition.y
      value: 39.2
      objectReference: {fileID: 0}
    - target: {fileID: 8954338899332711559, guid: e6e721c13108569428b98a38ff98291b,
        type: 3}
      propertyPath: m_LocalPosition.z
      value: -174.4
      objectReference: {fileID: 0}
    - target: {fileID: 8954338899332711559, guid: e6e721c13108569428b98a38ff98291b,
        type: 3}
      propertyPath: m_LocalRotation.x
      value: 0.2064554
      objectReference: {fileID: 0}
    - target: {fileID: 8954338899332711559, guid: e6e721c13108569428b98a38ff98291b,
        type: 3}
      propertyPath: m_LocalRotation.y
      value: -0
      objectReference: {fileID: 0}
    - target: {fileID: 8954338899332711559, guid: e6e721c13108569428b98a38ff98291b,
        type: 3}
      propertyPath: m_LocalRotation.z
      value: -0
      objectReference: {fileID: 0}
    - target: {fileID: 8954338899332711559, guid: e6e721c13108569428b98a38ff98291b,
        type: 3}
      propertyPath: m_LocalRotation.w
      value: 0.978456
      objectReference: {fileID: 0}
    - target: {fileID: 8954338899332711559, guid: e6e721c13108569428b98a38ff98291b,
        type: 3}
      propertyPath: m_RootOrder
      value: 4
      objectReference: {fileID: 0}
    - target: {fileID: 8954338899332711559, guid: e6e721c13108569428b98a38ff98291b,
        type: 3}
      propertyPath: m_LocalEulerAnglesHint.x
      value: 23.829
      objectReference: {fileID: 0}
    - target: {fileID: 8954338899332711559, guid: e6e721c13108569428b98a38ff98291b,
        type: 3}
      propertyPath: m_LocalEulerAnglesHint.y
      value: 0
      objectReference: {fileID: 0}
    - target: {fileID: 8954338899332711559, guid: e6e721c13108569428b98a38ff98291b,
        type: 3}
      propertyPath: m_LocalEulerAnglesHint.z
      value: 0
      objectReference: {fileID: 0}
    m_RemovedComponents: []
  m_SourcePrefab: {fileID: 100100000, guid: e6e721c13108569428b98a38ff98291b, type: 3}
--- !u!1 &345297354 stripped
GameObject:
  m_CorrespondingSourceObject: {fileID: 8954338899332711555, guid: e6e721c13108569428b98a38ff98291b,
    type: 3}
  m_PrefabInstance: {fileID: 345297353}
  m_PrefabAsset: {fileID: 0}
--- !u!1001 &529660356
PrefabInstance:
  m_ObjectHideFlags: 0
  serializedVersion: 2
  m_Modification:
    m_TransformParent: {fileID: 0}
    m_Modifications:
    - target: {fileID: 755734838665353187, guid: aff07f7da6084634eba5f5526bbfe592,
        type: 3}
      propertyPath: m_Name
      value: HeightmapAtchoum
      objectReference: {fileID: 0}
    - target: {fileID: 755734838665353187, guid: aff07f7da6084634eba5f5526bbfe592,
        type: 3}
      propertyPath: m_Layer
      value: 12
      objectReference: {fileID: 0}
    - target: {fileID: 755734838665353185, guid: aff07f7da6084634eba5f5526bbfe592,
        type: 3}
      propertyPath: m_LocalPosition.x
      value: 0
      objectReference: {fileID: 0}
    - target: {fileID: 755734838665353185, guid: aff07f7da6084634eba5f5526bbfe592,
        type: 3}
      propertyPath: m_LocalPosition.y
      value: 0
      objectReference: {fileID: 0}
    - target: {fileID: 755734838665353185, guid: aff07f7da6084634eba5f5526bbfe592,
        type: 3}
      propertyPath: m_LocalPosition.z
      value: 0
      objectReference: {fileID: 0}
    - target: {fileID: 755734838665353185, guid: aff07f7da6084634eba5f5526bbfe592,
        type: 3}
      propertyPath: m_LocalRotation.x
      value: 0
      objectReference: {fileID: 0}
    - target: {fileID: 755734838665353185, guid: aff07f7da6084634eba5f5526bbfe592,
        type: 3}
      propertyPath: m_LocalRotation.y
      value: 0
      objectReference: {fileID: 0}
    - target: {fileID: 755734838665353185, guid: aff07f7da6084634eba5f5526bbfe592,
        type: 3}
      propertyPath: m_LocalRotation.z
      value: 0
      objectReference: {fileID: 0}
    - target: {fileID: 755734838665353185, guid: aff07f7da6084634eba5f5526bbfe592,
        type: 3}
      propertyPath: m_LocalRotation.w
      value: 1
      objectReference: {fileID: 0}
    - target: {fileID: 755734838665353185, guid: aff07f7da6084634eba5f5526bbfe592,
        type: 3}
      propertyPath: m_RootOrder
      value: 6
      objectReference: {fileID: 0}
    - target: {fileID: 755734838665353185, guid: aff07f7da6084634eba5f5526bbfe592,
        type: 3}
      propertyPath: m_LocalEulerAnglesHint.x
      value: 0
      objectReference: {fileID: 0}
    - target: {fileID: 755734838665353185, guid: aff07f7da6084634eba5f5526bbfe592,
        type: 3}
      propertyPath: m_LocalEulerAnglesHint.y
      value: 0
      objectReference: {fileID: 0}
    - target: {fileID: 755734838665353185, guid: aff07f7da6084634eba5f5526bbfe592,
        type: 3}
      propertyPath: m_LocalEulerAnglesHint.z
      value: 0
      objectReference: {fileID: 0}
    - target: {fileID: 2384691866116935295, guid: aff07f7da6084634eba5f5526bbfe592,
        type: 3}
      propertyPath: waveRings.Array.data[1].biomeObjects.Array.size
      value: 3
      objectReference: {fileID: 0}
    - target: {fileID: 2384691866116935295, guid: aff07f7da6084634eba5f5526bbfe592,
        type: 3}
      propertyPath: waveRings.Array.data[0].biomeObjects.Array.size
      value: 2
      objectReference: {fileID: 0}
    - target: {fileID: 2384691866116935295, guid: aff07f7da6084634eba5f5526bbfe592,
        type: 3}
      propertyPath: waveRings.Array.data[2].biomeObjects.Array.size
      value: 1
      objectReference: {fileID: 0}
    - target: {fileID: 2384691866116935295, guid: aff07f7da6084634eba5f5526bbfe592,
        type: 3}
      propertyPath: followedObject
      value: 
      objectReference: {fileID: 1969146330448915}
    - target: {fileID: 2384691866116935295, guid: aff07f7da6084634eba5f5526bbfe592,
        type: 3}
      propertyPath: waveRings.Array.data[1].biomeObjects.Array.data[0].LookingRadius
      value: 10
      objectReference: {fileID: 0}
    - target: {fileID: 2384691866116935295, guid: aff07f7da6084634eba5f5526bbfe592,
        type: 3}
      propertyPath: waveRings.Array.data[1].biomeObjects.Array.data[0].ProbabilityWeight
      value: 20
      objectReference: {fileID: 0}
    - target: {fileID: 2384691866116935295, guid: aff07f7da6084634eba5f5526bbfe592,
        type: 3}
      propertyPath: waveRings.Array.data[1].biomeObjects.Array.data[0].Object
      value: 
      objectReference: {fileID: 1501828589523378297, guid: a546343d92af9724db484c50cbb90407,
        type: 3}
    - target: {fileID: 2384691866116935295, guid: aff07f7da6084634eba5f5526bbfe592,
        type: 3}
      propertyPath: waveRings.Array.data[0].biomeObjects.Array.data[0].Object
      value: 
      objectReference: {fileID: 191266, guid: c44bd9bdc114d4a60932c0087d9d1732, type: 3}
    - target: {fileID: 2384691866116935295, guid: aff07f7da6084634eba5f5526bbfe592,
        type: 3}
      propertyPath: waveRings.Array.data[0].biomeObjects.Array.data[0].LookingRadius
      value: 5
      objectReference: {fileID: 0}
    - target: {fileID: 2384691866116935295, guid: aff07f7da6084634eba5f5526bbfe592,
        type: 3}
      propertyPath: waveRings.Array.data[0].biomeObjects.Array.data[0].ProbabilityWeight
      value: 3
      objectReference: {fileID: 0}
    - target: {fileID: 2384691866116935295, guid: aff07f7da6084634eba5f5526bbfe592,
        type: 3}
      propertyPath: waveRings.Array.data[0].biomeObjects.Array.data[1].Object
      value: 
      objectReference: {fileID: 6603991042053351282, guid: 7e64c5afd24a68c4f959a476d012fb12,
        type: 3}
    - target: {fileID: 2384691866116935295, guid: aff07f7da6084634eba5f5526bbfe592,
        type: 3}
      propertyPath: waveRings.Array.data[0].biomeObjects.Array.data[1].LookingRadius
      value: 10
      objectReference: {fileID: 0}
    - target: {fileID: 2384691866116935295, guid: aff07f7da6084634eba5f5526bbfe592,
        type: 3}
      propertyPath: waveRings.Array.data[0].biomeObjects.Array.data[1].ProbabilityWeight
      value: 6
      objectReference: {fileID: 0}
    - target: {fileID: 2384691866116935295, guid: aff07f7da6084634eba5f5526bbfe592,
        type: 3}
      propertyPath: waveRings.Array.data[1].biomeObjects.Array.data[1].Object
      value: 
      objectReference: {fileID: 7378847718243092683, guid: 3ed3c3b70e3add64e8957c6a295eeeb6,
        type: 3}
    - target: {fileID: 2384691866116935295, guid: aff07f7da6084634eba5f5526bbfe592,
        type: 3}
      propertyPath: waveRings.Array.data[1].biomeObjects.Array.data[1].LookingRadius
      value: 8
      objectReference: {fileID: 0}
    - target: {fileID: 2384691866116935295, guid: aff07f7da6084634eba5f5526bbfe592,
        type: 3}
      propertyPath: waveRings.Array.data[1].biomeObjects.Array.data[1].ProbabilityWeight
      value: 10
      objectReference: {fileID: 0}
    - target: {fileID: 2384691866116935295, guid: aff07f7da6084634eba5f5526bbfe592,
        type: 3}
      propertyPath: waveRings.Array.data[1].biomeObjects.Array.data[2].Object
      value: 
      objectReference: {fileID: 6432106863049967679, guid: 3c8f682aad84e2843b7ff7d936533a5e,
        type: 3}
    - target: {fileID: 2384691866116935295, guid: aff07f7da6084634eba5f5526bbfe592,
        type: 3}
      propertyPath: waveRings.Array.data[1].biomeObjects.Array.data[2].LookingRadius
      value: 8
      objectReference: {fileID: 0}
    - target: {fileID: 2384691866116935295, guid: aff07f7da6084634eba5f5526bbfe592,
        type: 3}
      propertyPath: waveRings.Array.data[1].biomeObjects.Array.data[2].ProbabilityWeight
      value: 10
      objectReference: {fileID: 0}
    - target: {fileID: 2384691866116935295, guid: aff07f7da6084634eba5f5526bbfe592,
        type: 3}
      propertyPath: waveRings.Array.data[2].biomeObjects.Array.data[0].Object
      value: 
      objectReference: {fileID: 8277239786468542407, guid: b47e4235c249b7148a63fe612d5feef0,
        type: 3}
    - target: {fileID: 2384691866116935295, guid: aff07f7da6084634eba5f5526bbfe592,
        type: 3}
      propertyPath: waveRings.Array.data[2].biomeObjects.Array.data[0].LookingRadius
      value: 8
      objectReference: {fileID: 0}
    - target: {fileID: 2384691866116935295, guid: aff07f7da6084634eba5f5526bbfe592,
        type: 3}
      propertyPath: waveRings.Array.data[2].biomeObjects.Array.data[0].ProbabilityWeight
      value: 1
      objectReference: {fileID: 0}
    m_RemovedComponents: []
  m_SourcePrefab: {fileID: 100100000, guid: aff07f7da6084634eba5f5526bbfe592, type: 3}
--- !u!1001 &1154876248
PrefabInstance:
  m_ObjectHideFlags: 0
  serializedVersion: 2
  m_Modification:
    m_TransformParent: {fileID: 0}
    m_Modifications:
    - target: {fileID: 832562836412600837, guid: 6d116791285efe74b8a17066f61fee26,
        type: 3}
      propertyPath: m_Name
      value: CameraController
      objectReference: {fileID: 0}
    - target: {fileID: 832562836412600838, guid: 6d116791285efe74b8a17066f61fee26,
        type: 3}
      propertyPath: m_LocalPosition.x
      value: 0
      objectReference: {fileID: 0}
    - target: {fileID: 832562836412600838, guid: 6d116791285efe74b8a17066f61fee26,
        type: 3}
      propertyPath: m_LocalPosition.y
      value: 0
      objectReference: {fileID: 0}
    - target: {fileID: 832562836412600838, guid: 6d116791285efe74b8a17066f61fee26,
        type: 3}
      propertyPath: m_LocalPosition.z
      value: 0
      objectReference: {fileID: 0}
    - target: {fileID: 832562836412600838, guid: 6d116791285efe74b8a17066f61fee26,
        type: 3}
      propertyPath: m_LocalRotation.x
      value: 0
      objectReference: {fileID: 0}
    - target: {fileID: 832562836412600838, guid: 6d116791285efe74b8a17066f61fee26,
        type: 3}
      propertyPath: m_LocalRotation.y
      value: 0
      objectReference: {fileID: 0}
    - target: {fileID: 832562836412600838, guid: 6d116791285efe74b8a17066f61fee26,
        type: 3}
      propertyPath: m_LocalRotation.z
      value: 0
      objectReference: {fileID: 0}
    - target: {fileID: 832562836412600838, guid: 6d116791285efe74b8a17066f61fee26,
        type: 3}
      propertyPath: m_LocalRotation.w
      value: 1
      objectReference: {fileID: 0}
    - target: {fileID: 832562836412600838, guid: 6d116791285efe74b8a17066f61fee26,
        type: 3}
      propertyPath: m_RootOrder
      value: 2
      objectReference: {fileID: 0}
    - target: {fileID: 832562836412600838, guid: 6d116791285efe74b8a17066f61fee26,
        type: 3}
      propertyPath: m_LocalEulerAnglesHint.x
      value: 0
      objectReference: {fileID: 0}
    - target: {fileID: 832562836412600838, guid: 6d116791285efe74b8a17066f61fee26,
        type: 3}
      propertyPath: m_LocalEulerAnglesHint.y
      value: 0
      objectReference: {fileID: 0}
    - target: {fileID: 832562836412600838, guid: 6d116791285efe74b8a17066f61fee26,
        type: 3}
      propertyPath: m_LocalEulerAnglesHint.z
      value: 0
      objectReference: {fileID: 0}
    - target: {fileID: 832562836412600832, guid: 6d116791285efe74b8a17066f61fee26,
        type: 3}
      propertyPath: target
      value: 
      objectReference: {fileID: 4445584405974851}
    - target: {fileID: 832562836412600839, guid: 6d116791285efe74b8a17066f61fee26,
        type: 3}
      propertyPath: globalDebugCamera
      value: 
      objectReference: {fileID: 345297354}
    m_RemovedComponents: []
  m_SourcePrefab: {fileID: 100100000, guid: 6d116791285efe74b8a17066f61fee26, type: 3}
--- !u!1 &1341349741
GameObject:
  m_ObjectHideFlags: 0
  m_CorrespondingSourceObject: {fileID: 0}
  m_PrefabInstance: {fileID: 0}
  m_PrefabAsset: {fileID: 0}
  serializedVersion: 6
  m_Component:
  - component: {fileID: 1341349746}
  - component: {fileID: 1341349745}
  - component: {fileID: 1341349744}
  - component: {fileID: 1341349743}
  - component: {fileID: 1341349742}
  - component: {fileID: 1341349747}
  - component: {fileID: 1341349748}
  m_Layer: 0
  m_Name: Sphere (1)
  m_TagString: Untagged
  m_Icon: {fileID: 0}
  m_NavMeshLayer: 0
  m_StaticEditorFlags: 0
  m_IsActive: 0
--- !u!114 &1341349742
MonoBehaviour:
  m_ObjectHideFlags: 0
  m_CorrespondingSourceObject: {fileID: 0}
  m_PrefabInstance: {fileID: 0}
  m_PrefabAsset: {fileID: 0}
  m_GameObject: {fileID: 1341349741}
  m_Enabled: 1
  m_EditorHideFlags: 0
  m_Script: {fileID: 11500000, guid: 17c8e688428042547b195f52cccfe6c9, type: 3}
  m_Name: 
  m_EditorClassIdentifier: 
  goal: {fileID: 3255383059505635532}
  timebeforeUpdate: 5
  timecount: 0
--- !u!135 &1341349743
SphereCollider:
  m_ObjectHideFlags: 0
  m_CorrespondingSourceObject: {fileID: 0}
  m_PrefabInstance: {fileID: 0}
  m_PrefabAsset: {fileID: 0}
  m_GameObject: {fileID: 1341349741}
  m_Material: {fileID: 0}
  m_IsTrigger: 0
  m_Enabled: 1
  serializedVersion: 2
  m_Radius: 0.5
  m_Center: {x: 0, y: 0, z: 0}
--- !u!23 &1341349744
MeshRenderer:
  m_ObjectHideFlags: 0
  m_CorrespondingSourceObject: {fileID: 0}
  m_PrefabInstance: {fileID: 0}
  m_PrefabAsset: {fileID: 0}
  m_GameObject: {fileID: 1341349741}
  m_Enabled: 1
  m_CastShadows: 1
  m_ReceiveShadows: 1
  m_DynamicOccludee: 1
  m_MotionVectors: 1
  m_LightProbeUsage: 1
  m_ReflectionProbeUsage: 1
  m_RenderingLayerMask: 1
  m_RendererPriority: 0
  m_Materials:
  - {fileID: 2100000, guid: 31321ba15b8f8eb4c954353edc038b1d, type: 2}
  m_StaticBatchInfo:
    firstSubMesh: 0
    subMeshCount: 0
  m_StaticBatchRoot: {fileID: 0}
  m_ProbeAnchor: {fileID: 0}
  m_LightProbeVolumeOverride: {fileID: 0}
  m_ScaleInLightmap: 1
  m_ReceiveGI: 1
  m_PreserveUVs: 0
  m_IgnoreNormalsForChartDetection: 0
  m_ImportantGI: 0
  m_StitchLightmapSeams: 1
  m_SelectedEditorRenderState: 3
  m_MinimumChartSize: 4
  m_AutoUVMaxDistance: 0.5
  m_AutoUVMaxAngle: 89
  m_LightmapParameters: {fileID: 0}
  m_SortingLayerID: 0
  m_SortingLayer: 0
  m_SortingOrder: 0
--- !u!33 &1341349745
MeshFilter:
  m_ObjectHideFlags: 0
  m_CorrespondingSourceObject: {fileID: 0}
  m_PrefabInstance: {fileID: 0}
  m_PrefabAsset: {fileID: 0}
  m_GameObject: {fileID: 1341349741}
  m_Mesh: {fileID: 10207, guid: 0000000000000000e000000000000000, type: 0}
--- !u!4 &1341349746
Transform:
  m_ObjectHideFlags: 0
  m_CorrespondingSourceObject: {fileID: 0}
  m_PrefabInstance: {fileID: 0}
  m_PrefabAsset: {fileID: 0}
  m_GameObject: {fileID: 1341349741}
  m_LocalRotation: {x: 0, y: 0, z: 0, w: 1}
  m_LocalPosition: {x: -1.53, y: -26.71, z: 31.11}
  m_LocalScale: {x: 1, y: 1, z: 1}
  m_Children: []
  m_Father: {fileID: 0}
  m_RootOrder: 5
  m_LocalEulerAnglesHint: {x: 0, y: 0, z: 0}
--- !u!195 &1341349747
NavMeshAgent:
  m_ObjectHideFlags: 0
  m_CorrespondingSourceObject: {fileID: 0}
  m_PrefabInstance: {fileID: 0}
  m_PrefabAsset: {fileID: 0}
  m_GameObject: {fileID: 1341349741}
  m_Enabled: 1
  m_AgentTypeID: 0
  m_Radius: 0.5
  m_Speed: 3.5
  m_Acceleration: 8
  avoidancePriority: 50
  m_AngularSpeed: 120
  m_StoppingDistance: 0
  m_AutoTraverseOffMeshLink: 1
  m_AutoBraking: 1
  m_AutoRepath: 1
  m_Height: 1
  m_BaseOffset: 0.5
  m_WalkableMask: 4294967295
  m_ObstacleAvoidanceType: 4
--- !u!54 &1341349748
Rigidbody:
  m_ObjectHideFlags: 0
  m_CorrespondingSourceObject: {fileID: 0}
  m_PrefabInstance: {fileID: 0}
  m_PrefabAsset: {fileID: 0}
  m_GameObject: {fileID: 1341349741}
  serializedVersion: 2
  m_Mass: 1
  m_Drag: 0
  m_AngularDrag: 0.05
  m_UseGravity: 1
  m_IsKinematic: 0
  m_Interpolate: 0
  m_Constraints: 0
  m_CollisionDetection: 0
--- !u!1001 &1696236302
PrefabInstance:
  m_ObjectHideFlags: 0
  serializedVersion: 2
  m_Modification:
    m_TransformParent: {fileID: 0}
    m_Modifications:
    - target: {fileID: 5173074863507290064, guid: db64e4757fb7fedee9e08615448648f9,
        type: 3}
      propertyPath: m_Name
      value: Viking Sword Variant
      objectReference: {fileID: 0}
    - target: {fileID: 8183372535921657283, guid: db64e4757fb7fedee9e08615448648f9,
        type: 3}
      propertyPath: m_LocalPosition.x
      value: 0
      objectReference: {fileID: 0}
    - target: {fileID: 8183372535921657283, guid: db64e4757fb7fedee9e08615448648f9,
        type: 3}
      propertyPath: m_LocalPosition.y
      value: 0
      objectReference: {fileID: 0}
    - target: {fileID: 8183372535921657283, guid: db64e4757fb7fedee9e08615448648f9,
        type: 3}
      propertyPath: m_LocalPosition.z
      value: 0
      objectReference: {fileID: 0}
    - target: {fileID: 8183372535921657283, guid: db64e4757fb7fedee9e08615448648f9,
        type: 3}
      propertyPath: m_LocalRotation.x
      value: 0
      objectReference: {fileID: 0}
    - target: {fileID: 8183372535921657283, guid: db64e4757fb7fedee9e08615448648f9,
        type: 3}
      propertyPath: m_LocalRotation.y
      value: 0
      objectReference: {fileID: 0}
    - target: {fileID: 8183372535921657283, guid: db64e4757fb7fedee9e08615448648f9,
        type: 3}
      propertyPath: m_LocalRotation.z
      value: 0
      objectReference: {fileID: 0}
    - target: {fileID: 8183372535921657283, guid: db64e4757fb7fedee9e08615448648f9,
        type: 3}
      propertyPath: m_LocalRotation.w
      value: 1
      objectReference: {fileID: 0}
    - target: {fileID: 8183372535921657283, guid: db64e4757fb7fedee9e08615448648f9,
        type: 3}
      propertyPath: m_RootOrder
      value: 3
      objectReference: {fileID: 0}
    - target: {fileID: 8183372535921657283, guid: db64e4757fb7fedee9e08615448648f9,
        type: 3}
      propertyPath: m_LocalEulerAnglesHint.x
      value: 0
      objectReference: {fileID: 0}
    - target: {fileID: 8183372535921657283, guid: db64e4757fb7fedee9e08615448648f9,
        type: 3}
      propertyPath: m_LocalEulerAnglesHint.y
      value: 0
      objectReference: {fileID: 0}
    - target: {fileID: 8183372535921657283, guid: db64e4757fb7fedee9e08615448648f9,
        type: 3}
      propertyPath: m_LocalEulerAnglesHint.z
      value: 0
      objectReference: {fileID: 0}
    m_RemovedComponents: []
  m_SourcePrefab: {fileID: 100100000, guid: db64e4757fb7fedee9e08615448648f9, type: 3}
--- !u!1 &1696236303 stripped
GameObject:
  m_CorrespondingSourceObject: {fileID: 5173074863507290064, guid: db64e4757fb7fedee9e08615448648f9,
    type: 3}
  m_PrefabInstance: {fileID: 1696236302}
  m_PrefabAsset: {fileID: 0}
--- !u!1001 &1967235606
PrefabInstance:
  m_ObjectHideFlags: 0
  serializedVersion: 2
  m_Modification:
    m_TransformParent: {fileID: 4445584405974851}
    m_Modifications:
    - target: {fileID: 8246805512544556943, guid: 0faeb3439c2bde941b112d3585707d3d,
        type: 3}
      propertyPath: m_Name
      value: Fog
      objectReference: {fileID: 0}
    - target: {fileID: 6013715052808781415, guid: 0faeb3439c2bde941b112d3585707d3d,
        type: 3}
      propertyPath: m_LocalPosition.x
      value: 0
      objectReference: {fileID: 0}
    - target: {fileID: 6013715052808781415, guid: 0faeb3439c2bde941b112d3585707d3d,
        type: 3}
      propertyPath: m_LocalPosition.y
      value: 0
      objectReference: {fileID: 0}
    - target: {fileID: 6013715052808781415, guid: 0faeb3439c2bde941b112d3585707d3d,
        type: 3}
      propertyPath: m_LocalPosition.z
      value: 0
      objectReference: {fileID: 0}
    - target: {fileID: 6013715052808781415, guid: 0faeb3439c2bde941b112d3585707d3d,
        type: 3}
      propertyPath: m_LocalRotation.x
      value: 0
      objectReference: {fileID: 0}
    - target: {fileID: 6013715052808781415, guid: 0faeb3439c2bde941b112d3585707d3d,
        type: 3}
      propertyPath: m_LocalRotation.y
      value: 0
      objectReference: {fileID: 0}
    - target: {fileID: 6013715052808781415, guid: 0faeb3439c2bde941b112d3585707d3d,
        type: 3}
      propertyPath: m_LocalRotation.z
      value: 0
      objectReference: {fileID: 0}
    - target: {fileID: 6013715052808781415, guid: 0faeb3439c2bde941b112d3585707d3d,
        type: 3}
      propertyPath: m_LocalRotation.w
      value: 1
      objectReference: {fileID: 0}
    - target: {fileID: 6013715052808781415, guid: 0faeb3439c2bde941b112d3585707d3d,
        type: 3}
      propertyPath: m_RootOrder
      value: 7
      objectReference: {fileID: 0}
    - target: {fileID: 6013715052808781415, guid: 0faeb3439c2bde941b112d3585707d3d,
        type: 3}
      propertyPath: m_LocalEulerAnglesHint.x
      value: 0
      objectReference: {fileID: 0}
    - target: {fileID: 6013715052808781415, guid: 0faeb3439c2bde941b112d3585707d3d,
        type: 3}
      propertyPath: m_LocalEulerAnglesHint.y
      value: 0
      objectReference: {fileID: 0}
    - target: {fileID: 6013715052808781415, guid: 0faeb3439c2bde941b112d3585707d3d,
        type: 3}
      propertyPath: m_LocalEulerAnglesHint.z
      value: 0
      objectReference: {fileID: 0}
    m_RemovedComponents: []
  m_SourcePrefab: {fileID: 100100000, guid: 0faeb3439c2bde941b112d3585707d3d, type: 3}
--- !u!1001 &1994170460
PrefabInstance:
  m_ObjectHideFlags: 0
  serializedVersion: 2
  m_Modification:
    m_TransformParent: {fileID: 0}
    m_Modifications:
    - target: {fileID: 3089426306088938655, guid: 6a25dc9d827f94ad89bdb79f1c74fd71,
        type: 3}
      propertyPath: m_Name
      value: UserInterface
      objectReference: {fileID: 0}
    - target: {fileID: 3089426306088938654, guid: 6a25dc9d827f94ad89bdb79f1c74fd71,
        type: 3}
      propertyPath: m_LocalPosition.x
      value: 0
      objectReference: {fileID: 0}
    - target: {fileID: 3089426306088938654, guid: 6a25dc9d827f94ad89bdb79f1c74fd71,
        type: 3}
      propertyPath: m_LocalPosition.y
      value: -13.052223
      objectReference: {fileID: 0}
    - target: {fileID: 3089426306088938654, guid: 6a25dc9d827f94ad89bdb79f1c74fd71,
        type: 3}
      propertyPath: m_LocalPosition.z
      value: 0
      objectReference: {fileID: 0}
    - target: {fileID: 3089426306088938654, guid: 6a25dc9d827f94ad89bdb79f1c74fd71,
        type: 3}
      propertyPath: m_LocalRotation.x
      value: 0
      objectReference: {fileID: 0}
    - target: {fileID: 3089426306088938654, guid: 6a25dc9d827f94ad89bdb79f1c74fd71,
        type: 3}
      propertyPath: m_LocalRotation.y
      value: 0
      objectReference: {fileID: 0}
    - target: {fileID: 3089426306088938654, guid: 6a25dc9d827f94ad89bdb79f1c74fd71,
        type: 3}
      propertyPath: m_LocalRotation.z
      value: 0
      objectReference: {fileID: 0}
    - target: {fileID: 3089426306088938654, guid: 6a25dc9d827f94ad89bdb79f1c74fd71,
        type: 3}
      propertyPath: m_LocalRotation.w
      value: 1
      objectReference: {fileID: 0}
    - target: {fileID: 3089426306088938654, guid: 6a25dc9d827f94ad89bdb79f1c74fd71,
        type: 3}
      propertyPath: m_RootOrder
      value: 7
      objectReference: {fileID: 0}
    - target: {fileID: 3089426306088938654, guid: 6a25dc9d827f94ad89bdb79f1c74fd71,
        type: 3}
      propertyPath: m_LocalEulerAnglesHint.x
      value: 0
      objectReference: {fileID: 0}
    - target: {fileID: 3089426306088938654, guid: 6a25dc9d827f94ad89bdb79f1c74fd71,
        type: 3}
      propertyPath: m_LocalEulerAnglesHint.y
      value: 0
      objectReference: {fileID: 0}
    - target: {fileID: 3089426306088938654, guid: 6a25dc9d827f94ad89bdb79f1c74fd71,
        type: 3}
      propertyPath: m_LocalEulerAnglesHint.z
      value: 0
      objectReference: {fileID: 0}
    - target: {fileID: 4660211830820470620, guid: 6a25dc9d827f94ad89bdb79f1c74fd71,
        type: 3}
      propertyPath: m_AnchorMin.y
      value: 0
      objectReference: {fileID: 0}
    - target: {fileID: 4660211830820470620, guid: 6a25dc9d827f94ad89bdb79f1c74fd71,
        type: 3}
      propertyPath: m_AnchorMax.y
      value: 0
      objectReference: {fileID: 0}
    - target: {fileID: 4660211830820470620, guid: 6a25dc9d827f94ad89bdb79f1c74fd71,
        type: 3}
      propertyPath: m_AnchoredPosition.x
      value: 0
      objectReference: {fileID: 0}
    - target: {fileID: 4660211830820470620, guid: 6a25dc9d827f94ad89bdb79f1c74fd71,
        type: 3}
      propertyPath: m_AnchoredPosition.y
      value: 0
      objectReference: {fileID: 0}
    - target: {fileID: 8570324909990324172, guid: 6a25dc9d827f94ad89bdb79f1c74fd71,
        type: 3}
      propertyPath: m_AnchorMin.y
      value: 0
      objectReference: {fileID: 0}
    - target: {fileID: 8570324909990324172, guid: 6a25dc9d827f94ad89bdb79f1c74fd71,
        type: 3}
      propertyPath: m_AnchorMax.y
      value: 0
      objectReference: {fileID: 0}
    - target: {fileID: 8570324909990324172, guid: 6a25dc9d827f94ad89bdb79f1c74fd71,
        type: 3}
      propertyPath: m_AnchoredPosition.x
      value: 0
      objectReference: {fileID: 0}
    - target: {fileID: 8570324909990324172, guid: 6a25dc9d827f94ad89bdb79f1c74fd71,
        type: 3}
      propertyPath: m_AnchoredPosition.y
      value: 0
      objectReference: {fileID: 0}
    - target: {fileID: 8570324909990324172, guid: 6a25dc9d827f94ad89bdb79f1c74fd71,
        type: 3}
      propertyPath: m_SizeDelta.x
      value: 0
      objectReference: {fileID: 0}
    - target: {fileID: 8570324909990324172, guid: 6a25dc9d827f94ad89bdb79f1c74fd71,
        type: 3}
      propertyPath: m_SizeDelta.y
      value: 0
      objectReference: {fileID: 0}
    - target: {fileID: 9139718879650090055, guid: 6a25dc9d827f94ad89bdb79f1c74fd71,
        type: 3}
      propertyPath: m_AnchorMin.y
      value: 0
      objectReference: {fileID: 0}
    - target: {fileID: 9139718879650090055, guid: 6a25dc9d827f94ad89bdb79f1c74fd71,
        type: 3}
      propertyPath: m_AnchorMax.y
      value: 0
      objectReference: {fileID: 0}
    - target: {fileID: 9139718879650090055, guid: 6a25dc9d827f94ad89bdb79f1c74fd71,
        type: 3}
      propertyPath: m_AnchoredPosition.x
      value: 0
      objectReference: {fileID: 0}
    - target: {fileID: 9139718879650090055, guid: 6a25dc9d827f94ad89bdb79f1c74fd71,
        type: 3}
      propertyPath: m_AnchoredPosition.y
      value: 0
      objectReference: {fileID: 0}
    - target: {fileID: 9139718879650090055, guid: 6a25dc9d827f94ad89bdb79f1c74fd71,
        type: 3}
      propertyPath: m_SizeDelta.x
      value: 0
      objectReference: {fileID: 0}
    - target: {fileID: 9139718879650090055, guid: 6a25dc9d827f94ad89bdb79f1c74fd71,
        type: 3}
      propertyPath: m_SizeDelta.y
      value: 0
      objectReference: {fileID: 0}
    - target: {fileID: 7622308752259592016, guid: 6a25dc9d827f94ad89bdb79f1c74fd71,
        type: 3}
      propertyPath: m_AnchorMin.y
      value: 0
      objectReference: {fileID: 0}
    - target: {fileID: 7622308752259592016, guid: 6a25dc9d827f94ad89bdb79f1c74fd71,
        type: 3}
      propertyPath: m_AnchorMax.y
      value: 0
      objectReference: {fileID: 0}
    - target: {fileID: 7622308752259592016, guid: 6a25dc9d827f94ad89bdb79f1c74fd71,
        type: 3}
      propertyPath: m_AnchoredPosition.x
      value: 0
      objectReference: {fileID: 0}
    - target: {fileID: 7622308752259592016, guid: 6a25dc9d827f94ad89bdb79f1c74fd71,
        type: 3}
      propertyPath: m_AnchoredPosition.y
      value: 0
      objectReference: {fileID: 0}
    - target: {fileID: 7622308752259592016, guid: 6a25dc9d827f94ad89bdb79f1c74fd71,
        type: 3}
      propertyPath: m_SizeDelta.x
      value: 0
      objectReference: {fileID: 0}
    - target: {fileID: 7622308752259592016, guid: 6a25dc9d827f94ad89bdb79f1c74fd71,
        type: 3}
      propertyPath: m_SizeDelta.y
      value: 0
      objectReference: {fileID: 0}
    - target: {fileID: 7622308750728283795, guid: 6a25dc9d827f94ad89bdb79f1c74fd71,
        type: 3}
      propertyPath: m_AnchorMin.y
      value: 0
      objectReference: {fileID: 0}
    - target: {fileID: 7622308750728283795, guid: 6a25dc9d827f94ad89bdb79f1c74fd71,
        type: 3}
      propertyPath: m_AnchorMax.y
      value: 0
      objectReference: {fileID: 0}
    - target: {fileID: 7622308750728283795, guid: 6a25dc9d827f94ad89bdb79f1c74fd71,
        type: 3}
      propertyPath: m_AnchoredPosition.x
      value: 0
      objectReference: {fileID: 0}
    - target: {fileID: 7622308750728283795, guid: 6a25dc9d827f94ad89bdb79f1c74fd71,
        type: 3}
      propertyPath: m_AnchoredPosition.y
      value: 0
      objectReference: {fileID: 0}
    - target: {fileID: 7622308750728283795, guid: 6a25dc9d827f94ad89bdb79f1c74fd71,
        type: 3}
      propertyPath: m_SizeDelta.x
      value: 0
      objectReference: {fileID: 0}
    - target: {fileID: 7622308750728283795, guid: 6a25dc9d827f94ad89bdb79f1c74fd71,
        type: 3}
      propertyPath: m_SizeDelta.y
      value: 0
      objectReference: {fileID: 0}
    - target: {fileID: 7622308751762309038, guid: 6a25dc9d827f94ad89bdb79f1c74fd71,
        type: 3}
      propertyPath: m_AnchorMin.y
      value: 0
      objectReference: {fileID: 0}
    - target: {fileID: 7622308751762309038, guid: 6a25dc9d827f94ad89bdb79f1c74fd71,
        type: 3}
      propertyPath: m_AnchorMax.y
      value: 0
      objectReference: {fileID: 0}
    - target: {fileID: 7622308751762309038, guid: 6a25dc9d827f94ad89bdb79f1c74fd71,
        type: 3}
      propertyPath: m_AnchoredPosition.x
      value: 0
      objectReference: {fileID: 0}
    - target: {fileID: 7622308751762309038, guid: 6a25dc9d827f94ad89bdb79f1c74fd71,
        type: 3}
      propertyPath: m_AnchoredPosition.y
      value: 0
      objectReference: {fileID: 0}
    - target: {fileID: 7622308751762309038, guid: 6a25dc9d827f94ad89bdb79f1c74fd71,
        type: 3}
      propertyPath: m_SizeDelta.x
      value: 0
      objectReference: {fileID: 0}
    - target: {fileID: 7622308751762309038, guid: 6a25dc9d827f94ad89bdb79f1c74fd71,
        type: 3}
      propertyPath: m_SizeDelta.y
      value: 0
      objectReference: {fileID: 0}
    - target: {fileID: 4895328867827944864, guid: 6a25dc9d827f94ad89bdb79f1c74fd71,
        type: 3}
      propertyPath: m_AnchorMin.y
      value: 0
      objectReference: {fileID: 0}
    - target: {fileID: 4895328867827944864, guid: 6a25dc9d827f94ad89bdb79f1c74fd71,
        type: 3}
      propertyPath: m_AnchorMax.y
      value: 0
      objectReference: {fileID: 0}
    - target: {fileID: 4895328867827944864, guid: 6a25dc9d827f94ad89bdb79f1c74fd71,
        type: 3}
      propertyPath: m_AnchoredPosition.x
      value: 0
      objectReference: {fileID: 0}
    - target: {fileID: 4895328867827944864, guid: 6a25dc9d827f94ad89bdb79f1c74fd71,
        type: 3}
      propertyPath: m_AnchoredPosition.y
      value: 0
      objectReference: {fileID: 0}
    - target: {fileID: 4895328867827944864, guid: 6a25dc9d827f94ad89bdb79f1c74fd71,
        type: 3}
      propertyPath: m_SizeDelta.x
      value: 0
      objectReference: {fileID: 0}
    - target: {fileID: 4895328867827944864, guid: 6a25dc9d827f94ad89bdb79f1c74fd71,
        type: 3}
      propertyPath: m_SizeDelta.y
      value: 0
      objectReference: {fileID: 0}
    - target: {fileID: 2884316221452852760, guid: 6a25dc9d827f94ad89bdb79f1c74fd71,
        type: 3}
      propertyPath: m_AnchorMin.y
      value: 0
      objectReference: {fileID: 0}
    - target: {fileID: 2884316221452852760, guid: 6a25dc9d827f94ad89bdb79f1c74fd71,
        type: 3}
      propertyPath: m_AnchorMax.y
      value: 0
      objectReference: {fileID: 0}
    - target: {fileID: 2884316221452852760, guid: 6a25dc9d827f94ad89bdb79f1c74fd71,
        type: 3}
      propertyPath: m_AnchoredPosition.x
      value: 0
      objectReference: {fileID: 0}
    - target: {fileID: 2884316221452852760, guid: 6a25dc9d827f94ad89bdb79f1c74fd71,
        type: 3}
      propertyPath: m_AnchoredPosition.y
      value: 0
      objectReference: {fileID: 0}
    - target: {fileID: 2884316221452852760, guid: 6a25dc9d827f94ad89bdb79f1c74fd71,
        type: 3}
      propertyPath: m_SizeDelta.x
      value: 0
      objectReference: {fileID: 0}
    - target: {fileID: 2884316221452852760, guid: 6a25dc9d827f94ad89bdb79f1c74fd71,
        type: 3}
      propertyPath: m_SizeDelta.y
      value: 0
      objectReference: {fileID: 0}
    - target: {fileID: 1743225734042836398, guid: 6a25dc9d827f94ad89bdb79f1c74fd71,
        type: 3}
      propertyPath: m_AnchorMin.y
      value: 0
      objectReference: {fileID: 0}
    - target: {fileID: 1743225734042836398, guid: 6a25dc9d827f94ad89bdb79f1c74fd71,
        type: 3}
      propertyPath: m_AnchorMax.y
      value: 0
      objectReference: {fileID: 0}
    - target: {fileID: 1743225734042836398, guid: 6a25dc9d827f94ad89bdb79f1c74fd71,
        type: 3}
      propertyPath: m_AnchoredPosition.x
      value: 0
      objectReference: {fileID: 0}
    - target: {fileID: 1743225734042836398, guid: 6a25dc9d827f94ad89bdb79f1c74fd71,
        type: 3}
      propertyPath: m_AnchoredPosition.y
      value: 0
      objectReference: {fileID: 0}
    - target: {fileID: 1743225734042836398, guid: 6a25dc9d827f94ad89bdb79f1c74fd71,
        type: 3}
      propertyPath: m_SizeDelta.x
      value: 0
      objectReference: {fileID: 0}
    - target: {fileID: 1743225734042836398, guid: 6a25dc9d827f94ad89bdb79f1c74fd71,
        type: 3}
      propertyPath: m_SizeDelta.y
      value: 0
      objectReference: {fileID: 0}
    - target: {fileID: 7622308752154426674, guid: 6a25dc9d827f94ad89bdb79f1c74fd71,
        type: 3}
      propertyPath: m_AnchorMin.y
      value: 0
      objectReference: {fileID: 0}
    - target: {fileID: 7622308752154426674, guid: 6a25dc9d827f94ad89bdb79f1c74fd71,
        type: 3}
      propertyPath: m_AnchorMax.y
      value: 0
      objectReference: {fileID: 0}
    - target: {fileID: 7622308752154426674, guid: 6a25dc9d827f94ad89bdb79f1c74fd71,
        type: 3}
      propertyPath: m_AnchoredPosition.x
      value: 0
      objectReference: {fileID: 0}
    - target: {fileID: 7622308752154426674, guid: 6a25dc9d827f94ad89bdb79f1c74fd71,
        type: 3}
      propertyPath: m_AnchoredPosition.y
      value: 0
      objectReference: {fileID: 0}
    - target: {fileID: 7622308752154426674, guid: 6a25dc9d827f94ad89bdb79f1c74fd71,
        type: 3}
      propertyPath: m_SizeDelta.x
      value: 0
      objectReference: {fileID: 0}
    - target: {fileID: 7622308752154426674, guid: 6a25dc9d827f94ad89bdb79f1c74fd71,
        type: 3}
      propertyPath: m_SizeDelta.y
      value: 0
      objectReference: {fileID: 0}
    - target: {fileID: 7622308751791021869, guid: 6a25dc9d827f94ad89bdb79f1c74fd71,
        type: 3}
      propertyPath: m_AnchorMin.y
      value: 0
      objectReference: {fileID: 0}
    - target: {fileID: 7622308751791021869, guid: 6a25dc9d827f94ad89bdb79f1c74fd71,
        type: 3}
      propertyPath: m_AnchorMax.y
      value: 0
      objectReference: {fileID: 0}
    - target: {fileID: 7622308751791021869, guid: 6a25dc9d827f94ad89bdb79f1c74fd71,
        type: 3}
      propertyPath: m_AnchoredPosition.x
      value: 0
      objectReference: {fileID: 0}
    - target: {fileID: 7622308751791021869, guid: 6a25dc9d827f94ad89bdb79f1c74fd71,
        type: 3}
      propertyPath: m_AnchoredPosition.y
      value: 0
      objectReference: {fileID: 0}
    - target: {fileID: 7622308751117812332, guid: 6a25dc9d827f94ad89bdb79f1c74fd71,
        type: 3}
      propertyPath: m_AnchorMin.y
      value: 0
      objectReference: {fileID: 0}
    - target: {fileID: 7622308751117812332, guid: 6a25dc9d827f94ad89bdb79f1c74fd71,
        type: 3}
      propertyPath: m_AnchorMax.y
      value: 0
      objectReference: {fileID: 0}
    - target: {fileID: 7622308751117812332, guid: 6a25dc9d827f94ad89bdb79f1c74fd71,
        type: 3}
      propertyPath: m_AnchoredPosition.x
      value: 0
      objectReference: {fileID: 0}
    - target: {fileID: 7622308751117812332, guid: 6a25dc9d827f94ad89bdb79f1c74fd71,
        type: 3}
      propertyPath: m_AnchoredPosition.y
      value: 0
      objectReference: {fileID: 0}
    - target: {fileID: 7622308751791984734, guid: 6a25dc9d827f94ad89bdb79f1c74fd71,
        type: 3}
      propertyPath: m_AnchorMin.y
      value: 0
      objectReference: {fileID: 0}
    - target: {fileID: 7622308751791984734, guid: 6a25dc9d827f94ad89bdb79f1c74fd71,
        type: 3}
      propertyPath: m_AnchorMax.y
      value: 0
      objectReference: {fileID: 0}
    - target: {fileID: 7622308751791984734, guid: 6a25dc9d827f94ad89bdb79f1c74fd71,
        type: 3}
      propertyPath: m_AnchoredPosition.x
      value: 0
      objectReference: {fileID: 0}
    - target: {fileID: 7622308751791984734, guid: 6a25dc9d827f94ad89bdb79f1c74fd71,
        type: 3}
      propertyPath: m_AnchoredPosition.y
      value: 0
      objectReference: {fileID: 0}
    - target: {fileID: 2641183749981208830, guid: 6a25dc9d827f94ad89bdb79f1c74fd71,
        type: 3}
      propertyPath: m_AnchorMin.y
      value: 0
      objectReference: {fileID: 0}
    - target: {fileID: 2641183749981208830, guid: 6a25dc9d827f94ad89bdb79f1c74fd71,
        type: 3}
      propertyPath: m_AnchorMax.y
      value: 0
      objectReference: {fileID: 0}
    - target: {fileID: 2641183749981208830, guid: 6a25dc9d827f94ad89bdb79f1c74fd71,
        type: 3}
      propertyPath: m_AnchoredPosition.x
      value: 0
      objectReference: {fileID: 0}
    - target: {fileID: 2641183749981208830, guid: 6a25dc9d827f94ad89bdb79f1c74fd71,
        type: 3}
      propertyPath: m_AnchoredPosition.y
      value: 0
      objectReference: {fileID: 0}
    - target: {fileID: 4748737859730004985, guid: 6a25dc9d827f94ad89bdb79f1c74fd71,
        type: 3}
      propertyPath: m_AnchorMin.y
      value: 0
      objectReference: {fileID: 0}
    - target: {fileID: 4748737859730004985, guid: 6a25dc9d827f94ad89bdb79f1c74fd71,
        type: 3}
      propertyPath: m_AnchorMax.y
      value: 0
      objectReference: {fileID: 0}
    - target: {fileID: 4748737859730004985, guid: 6a25dc9d827f94ad89bdb79f1c74fd71,
        type: 3}
      propertyPath: m_AnchoredPosition.x
      value: 0
      objectReference: {fileID: 0}
    - target: {fileID: 4748737859730004985, guid: 6a25dc9d827f94ad89bdb79f1c74fd71,
        type: 3}
      propertyPath: m_AnchoredPosition.y
      value: 0
      objectReference: {fileID: 0}
    - target: {fileID: 8314649523090490779, guid: 6a25dc9d827f94ad89bdb79f1c74fd71,
        type: 3}
      propertyPath: m_AnchorMin.y
      value: 0
      objectReference: {fileID: 0}
    - target: {fileID: 8314649523090490779, guid: 6a25dc9d827f94ad89bdb79f1c74fd71,
        type: 3}
      propertyPath: m_AnchorMax.y
      value: 0
      objectReference: {fileID: 0}
    - target: {fileID: 8314649523090490779, guid: 6a25dc9d827f94ad89bdb79f1c74fd71,
        type: 3}
      propertyPath: m_AnchoredPosition.x
      value: 0
      objectReference: {fileID: 0}
    - target: {fileID: 8314649523090490779, guid: 6a25dc9d827f94ad89bdb79f1c74fd71,
        type: 3}
      propertyPath: m_AnchoredPosition.y
      value: 0
      objectReference: {fileID: 0}
    - target: {fileID: 2342626222970318628, guid: 6a25dc9d827f94ad89bdb79f1c74fd71,
        type: 3}
      propertyPath: m_AnchorMin.y
      value: 0
      objectReference: {fileID: 0}
    - target: {fileID: 2342626222970318628, guid: 6a25dc9d827f94ad89bdb79f1c74fd71,
        type: 3}
      propertyPath: m_AnchorMax.y
      value: 0
      objectReference: {fileID: 0}
    - target: {fileID: 2342626222970318628, guid: 6a25dc9d827f94ad89bdb79f1c74fd71,
        type: 3}
      propertyPath: m_AnchoredPosition.x
      value: 0
      objectReference: {fileID: 0}
    - target: {fileID: 2342626222970318628, guid: 6a25dc9d827f94ad89bdb79f1c74fd71,
        type: 3}
      propertyPath: m_AnchoredPosition.y
      value: 0
      objectReference: {fileID: 0}
    - target: {fileID: 5744214648649886740, guid: 6a25dc9d827f94ad89bdb79f1c74fd71,
        type: 3}
      propertyPath: m_AnchorMin.y
      value: 0
      objectReference: {fileID: 0}
    - target: {fileID: 5744214648649886740, guid: 6a25dc9d827f94ad89bdb79f1c74fd71,
        type: 3}
      propertyPath: m_AnchorMax.y
      value: 0
      objectReference: {fileID: 0}
    - target: {fileID: 5744214648649886740, guid: 6a25dc9d827f94ad89bdb79f1c74fd71,
        type: 3}
      propertyPath: m_AnchoredPosition.x
      value: 0
      objectReference: {fileID: 0}
    - target: {fileID: 5744214648649886740, guid: 6a25dc9d827f94ad89bdb79f1c74fd71,
        type: 3}
      propertyPath: m_AnchoredPosition.y
      value: 0
      objectReference: {fileID: 0}
    - target: {fileID: 3767508871047148788, guid: 6a25dc9d827f94ad89bdb79f1c74fd71,
        type: 3}
      propertyPath: m_AnchorMin.y
      value: 0
      objectReference: {fileID: 0}
    - target: {fileID: 3767508871047148788, guid: 6a25dc9d827f94ad89bdb79f1c74fd71,
        type: 3}
      propertyPath: m_AnchorMax.y
      value: 0
      objectReference: {fileID: 0}
    - target: {fileID: 3767508871047148788, guid: 6a25dc9d827f94ad89bdb79f1c74fd71,
        type: 3}
      propertyPath: m_AnchoredPosition.x
      value: 0
      objectReference: {fileID: 0}
    - target: {fileID: 3767508871047148788, guid: 6a25dc9d827f94ad89bdb79f1c74fd71,
        type: 3}
      propertyPath: m_AnchoredPosition.y
      value: 0
      objectReference: {fileID: 0}
    - target: {fileID: 2055205457988025856, guid: 6a25dc9d827f94ad89bdb79f1c74fd71,
        type: 3}
      propertyPath: m_AnchorMin.y
      value: 0
      objectReference: {fileID: 0}
    - target: {fileID: 2055205457988025856, guid: 6a25dc9d827f94ad89bdb79f1c74fd71,
        type: 3}
      propertyPath: m_AnchorMax.y
      value: 0
      objectReference: {fileID: 0}
    - target: {fileID: 2055205457988025856, guid: 6a25dc9d827f94ad89bdb79f1c74fd71,
        type: 3}
      propertyPath: m_AnchoredPosition.x
      value: 0
      objectReference: {fileID: 0}
    - target: {fileID: 2055205457988025856, guid: 6a25dc9d827f94ad89bdb79f1c74fd71,
        type: 3}
      propertyPath: m_AnchoredPosition.y
      value: 0
      objectReference: {fileID: 0}
    - target: {fileID: 5884958097416163453, guid: 6a25dc9d827f94ad89bdb79f1c74fd71,
        type: 3}
      propertyPath: m_AnchorMin.y
      value: 0
      objectReference: {fileID: 0}
    - target: {fileID: 5884958097416163453, guid: 6a25dc9d827f94ad89bdb79f1c74fd71,
        type: 3}
      propertyPath: m_AnchorMax.y
      value: 0
      objectReference: {fileID: 0}
    - target: {fileID: 5884958097416163453, guid: 6a25dc9d827f94ad89bdb79f1c74fd71,
        type: 3}
      propertyPath: m_AnchoredPosition.x
      value: 0
      objectReference: {fileID: 0}
    - target: {fileID: 5884958097416163453, guid: 6a25dc9d827f94ad89bdb79f1c74fd71,
        type: 3}
      propertyPath: m_AnchoredPosition.y
      value: 0
      objectReference: {fileID: 0}
    - target: {fileID: 8550819263934621441, guid: 6a25dc9d827f94ad89bdb79f1c74fd71,
        type: 3}
      propertyPath: m_AnchorMin.y
      value: 0
      objectReference: {fileID: 0}
    - target: {fileID: 8550819263934621441, guid: 6a25dc9d827f94ad89bdb79f1c74fd71,
        type: 3}
      propertyPath: m_AnchorMax.y
      value: 0
      objectReference: {fileID: 0}
    - target: {fileID: 8550819263934621441, guid: 6a25dc9d827f94ad89bdb79f1c74fd71,
        type: 3}
      propertyPath: m_AnchoredPosition.x
      value: 0
      objectReference: {fileID: 0}
    - target: {fileID: 8550819263934621441, guid: 6a25dc9d827f94ad89bdb79f1c74fd71,
        type: 3}
      propertyPath: m_AnchoredPosition.y
      value: 0
      objectReference: {fileID: 0}
    - target: {fileID: 7622308751970376355, guid: 6a25dc9d827f94ad89bdb79f1c74fd71,
        type: 3}
      propertyPath: m_AnchorMin.y
      value: 0
      objectReference: {fileID: 0}
    - target: {fileID: 7622308751970376355, guid: 6a25dc9d827f94ad89bdb79f1c74fd71,
        type: 3}
      propertyPath: m_AnchorMax.y
      value: 0
      objectReference: {fileID: 0}
    - target: {fileID: 7622308751970376355, guid: 6a25dc9d827f94ad89bdb79f1c74fd71,
        type: 3}
      propertyPath: m_AnchoredPosition.x
      value: 0
      objectReference: {fileID: 0}
    - target: {fileID: 7622308751970376355, guid: 6a25dc9d827f94ad89bdb79f1c74fd71,
        type: 3}
      propertyPath: m_AnchoredPosition.y
      value: 0
      objectReference: {fileID: 0}
    - target: {fileID: 7622308751244167887, guid: 6a25dc9d827f94ad89bdb79f1c74fd71,
        type: 3}
      propertyPath: m_AnchorMin.y
      value: 0
      objectReference: {fileID: 0}
    - target: {fileID: 7622308751244167887, guid: 6a25dc9d827f94ad89bdb79f1c74fd71,
        type: 3}
      propertyPath: m_AnchorMax.y
      value: 0
      objectReference: {fileID: 0}
    - target: {fileID: 7622308751244167887, guid: 6a25dc9d827f94ad89bdb79f1c74fd71,
        type: 3}
      propertyPath: m_AnchoredPosition.x
      value: 0
      objectReference: {fileID: 0}
    - target: {fileID: 7622308751244167887, guid: 6a25dc9d827f94ad89bdb79f1c74fd71,
        type: 3}
      propertyPath: m_AnchoredPosition.y
      value: 0
      objectReference: {fileID: 0}
    - target: {fileID: 7622308750749675798, guid: 6a25dc9d827f94ad89bdb79f1c74fd71,
        type: 3}
      propertyPath: m_AnchorMin.y
      value: 0
      objectReference: {fileID: 0}
    - target: {fileID: 7622308750749675798, guid: 6a25dc9d827f94ad89bdb79f1c74fd71,
        type: 3}
      propertyPath: m_AnchorMax.y
      value: 0
      objectReference: {fileID: 0}
    - target: {fileID: 7622308750749675798, guid: 6a25dc9d827f94ad89bdb79f1c74fd71,
        type: 3}
      propertyPath: m_AnchoredPosition.x
      value: 0
      objectReference: {fileID: 0}
    - target: {fileID: 7622308750749675798, guid: 6a25dc9d827f94ad89bdb79f1c74fd71,
        type: 3}
      propertyPath: m_AnchoredPosition.y
      value: 0
      objectReference: {fileID: 0}
    - target: {fileID: 9181387476241097763, guid: 6a25dc9d827f94ad89bdb79f1c74fd71,
        type: 3}
      propertyPath: m_AnchorMin.y
      value: 0
      objectReference: {fileID: 0}
    - target: {fileID: 9181387476241097763, guid: 6a25dc9d827f94ad89bdb79f1c74fd71,
        type: 3}
      propertyPath: m_AnchorMax.y
      value: 0
      objectReference: {fileID: 0}
    - target: {fileID: 9181387476241097763, guid: 6a25dc9d827f94ad89bdb79f1c74fd71,
        type: 3}
      propertyPath: m_AnchoredPosition.x
      value: 0
      objectReference: {fileID: 0}
    - target: {fileID: 9181387476241097763, guid: 6a25dc9d827f94ad89bdb79f1c74fd71,
        type: 3}
      propertyPath: m_AnchoredPosition.y
      value: 0
      objectReference: {fileID: 0}
    - target: {fileID: 1474180609788589960, guid: 6a25dc9d827f94ad89bdb79f1c74fd71,
        type: 3}
      propertyPath: m_AnchorMin.y
      value: 0
      objectReference: {fileID: 0}
    - target: {fileID: 1474180609788589960, guid: 6a25dc9d827f94ad89bdb79f1c74fd71,
        type: 3}
      propertyPath: m_AnchorMax.y
      value: 0
      objectReference: {fileID: 0}
    - target: {fileID: 1474180609788589960, guid: 6a25dc9d827f94ad89bdb79f1c74fd71,
        type: 3}
      propertyPath: m_AnchoredPosition.x
      value: 0
      objectReference: {fileID: 0}
    - target: {fileID: 1474180609788589960, guid: 6a25dc9d827f94ad89bdb79f1c74fd71,
        type: 3}
      propertyPath: m_AnchoredPosition.y
      value: 0
      objectReference: {fileID: 0}
    - target: {fileID: 7622308750770851667, guid: 6a25dc9d827f94ad89bdb79f1c74fd71,
        type: 3}
      propertyPath: m_AnchorMin.y
      value: 0
      objectReference: {fileID: 0}
    - target: {fileID: 7622308750770851667, guid: 6a25dc9d827f94ad89bdb79f1c74fd71,
        type: 3}
      propertyPath: m_AnchorMax.y
      value: 0
      objectReference: {fileID: 0}
    - target: {fileID: 7622308750770851667, guid: 6a25dc9d827f94ad89bdb79f1c74fd71,
        type: 3}
      propertyPath: m_AnchoredPosition.x
      value: 0
      objectReference: {fileID: 0}
    - target: {fileID: 7622308750770851667, guid: 6a25dc9d827f94ad89bdb79f1c74fd71,
        type: 3}
      propertyPath: m_AnchoredPosition.y
      value: 0
      objectReference: {fileID: 0}
    - target: {fileID: 7622308751317990386, guid: 6a25dc9d827f94ad89bdb79f1c74fd71,
        type: 3}
      propertyPath: m_AnchorMin.y
      value: 0
      objectReference: {fileID: 0}
    - target: {fileID: 7622308751317990386, guid: 6a25dc9d827f94ad89bdb79f1c74fd71,
        type: 3}
      propertyPath: m_AnchorMax.y
      value: 0
      objectReference: {fileID: 0}
    - target: {fileID: 7622308751317990386, guid: 6a25dc9d827f94ad89bdb79f1c74fd71,
        type: 3}
      propertyPath: m_AnchoredPosition.x
      value: 0
      objectReference: {fileID: 0}
    - target: {fileID: 7622308751317990386, guid: 6a25dc9d827f94ad89bdb79f1c74fd71,
        type: 3}
      propertyPath: m_AnchoredPosition.y
      value: 0
      objectReference: {fileID: 0}
    - target: {fileID: 7622308750695080597, guid: 6a25dc9d827f94ad89bdb79f1c74fd71,
        type: 3}
      propertyPath: m_AnchorMin.y
      value: 0
      objectReference: {fileID: 0}
    - target: {fileID: 7622308750695080597, guid: 6a25dc9d827f94ad89bdb79f1c74fd71,
        type: 3}
      propertyPath: m_AnchorMax.y
      value: 0
      objectReference: {fileID: 0}
    - target: {fileID: 7622308750695080597, guid: 6a25dc9d827f94ad89bdb79f1c74fd71,
        type: 3}
      propertyPath: m_AnchoredPosition.x
      value: 0
      objectReference: {fileID: 0}
    - target: {fileID: 7622308750695080597, guid: 6a25dc9d827f94ad89bdb79f1c74fd71,
        type: 3}
      propertyPath: m_AnchoredPosition.y
      value: 0
      objectReference: {fileID: 0}
    - target: {fileID: 7622308752508471082, guid: 6a25dc9d827f94ad89bdb79f1c74fd71,
        type: 3}
      propertyPath: m_AnchorMin.y
      value: 0
      objectReference: {fileID: 0}
    - target: {fileID: 7622308752508471082, guid: 6a25dc9d827f94ad89bdb79f1c74fd71,
        type: 3}
      propertyPath: m_AnchorMax.y
      value: 0
      objectReference: {fileID: 0}
    - target: {fileID: 7622308752508471082, guid: 6a25dc9d827f94ad89bdb79f1c74fd71,
        type: 3}
      propertyPath: m_AnchoredPosition.x
      value: 0
      objectReference: {fileID: 0}
    - target: {fileID: 7622308752508471082, guid: 6a25dc9d827f94ad89bdb79f1c74fd71,
        type: 3}
      propertyPath: m_AnchoredPosition.y
      value: 0
      objectReference: {fileID: 0}
    - target: {fileID: 6045122768494182702, guid: 6a25dc9d827f94ad89bdb79f1c74fd71,
        type: 3}
      propertyPath: m_AnchorMax.y
      value: 0
      objectReference: {fileID: 0}
    - target: {fileID: 5371026838829378688, guid: 6a25dc9d827f94ad89bdb79f1c74fd71,
        type: 3}
      propertyPath: m_AnchorMin.x
      value: 0
      objectReference: {fileID: 0}
    - target: {fileID: 5371026838829378688, guid: 6a25dc9d827f94ad89bdb79f1c74fd71,
        type: 3}
      propertyPath: m_AnchorMax.x
      value: 0
      objectReference: {fileID: 0}
    - target: {fileID: 5371026838829378688, guid: 6a25dc9d827f94ad89bdb79f1c74fd71,
        type: 3}
      propertyPath: m_AnchorMax.y
      value: 0
      objectReference: {fileID: 0}
    - target: {fileID: 1599971790563913166, guid: 6a25dc9d827f94ad89bdb79f1c74fd71,
        type: 3}
      propertyPath: m_AnchorMax.y
      value: 0
      objectReference: {fileID: 0}
    - target: {fileID: 3017585140933426279, guid: 6a25dc9d827f94ad89bdb79f1c74fd71,
        type: 3}
      propertyPath: m_AnchorMin.x
      value: 0
      objectReference: {fileID: 0}
    - target: {fileID: 3017585140933426279, guid: 6a25dc9d827f94ad89bdb79f1c74fd71,
        type: 3}
      propertyPath: m_AnchorMax.x
      value: 0
      objectReference: {fileID: 0}
    - target: {fileID: 3017585140933426279, guid: 6a25dc9d827f94ad89bdb79f1c74fd71,
        type: 3}
      propertyPath: m_AnchorMax.y
      value: 0
      objectReference: {fileID: 0}
    - target: {fileID: 8974057480142506623, guid: 6a25dc9d827f94ad89bdb79f1c74fd71,
        type: 3}
      propertyPath: m_AnchorMax.x
      value: 0
      objectReference: {fileID: 0}
    - target: {fileID: 8974057480142506623, guid: 6a25dc9d827f94ad89bdb79f1c74fd71,
        type: 3}
      propertyPath: m_AnchorMax.y
      value: 0
      objectReference: {fileID: 0}
    - target: {fileID: 7622308752488524770, guid: 6a25dc9d827f94ad89bdb79f1c74fd71,
        type: 3}
      propertyPath: m_AnchorMin.x
      value: 0
      objectReference: {fileID: 0}
    - target: {fileID: 7622308752488524770, guid: 6a25dc9d827f94ad89bdb79f1c74fd71,
        type: 3}
      propertyPath: m_AnchorMax.x
      value: 0
      objectReference: {fileID: 0}
    - target: {fileID: 7622308752488524770, guid: 6a25dc9d827f94ad89bdb79f1c74fd71,
        type: 3}
      propertyPath: m_AnchorMax.y
      value: 0
      objectReference: {fileID: 0}
    - target: {fileID: 7622308751592323706, guid: 6a25dc9d827f94ad89bdb79f1c74fd71,
        type: 3}
      propertyPath: m_AnchorMax.x
      value: 0
      objectReference: {fileID: 0}
    - target: {fileID: 7622308751592323706, guid: 6a25dc9d827f94ad89bdb79f1c74fd71,
        type: 3}
      propertyPath: m_AnchorMax.y
      value: 0
      objectReference: {fileID: 0}
    - target: {fileID: 8088171139726498278, guid: 6a25dc9d827f94ad89bdb79f1c74fd71,
        type: 3}
      propertyPath: m_AnchorMax.x
      value: 0
      objectReference: {fileID: 0}
    - target: {fileID: 8088171139726498278, guid: 6a25dc9d827f94ad89bdb79f1c74fd71,
        type: 3}
      propertyPath: m_AnchorMax.y
      value: 0
      objectReference: {fileID: 0}
    - target: {fileID: 292634569319660135, guid: 6a25dc9d827f94ad89bdb79f1c74fd71,
        type: 3}
      propertyPath: m_AnchoredPosition.x
      value: 0
      objectReference: {fileID: 0}
    - target: {fileID: 549957889221848871, guid: 6a25dc9d827f94ad89bdb79f1c74fd71,
        type: 3}
      propertyPath: m_AnchorMin.y
      value: 0
      objectReference: {fileID: 0}
    - target: {fileID: 549957889221848871, guid: 6a25dc9d827f94ad89bdb79f1c74fd71,
        type: 3}
      propertyPath: m_AnchorMax.y
      value: 0
      objectReference: {fileID: 0}
    - target: {fileID: 549957889221848871, guid: 6a25dc9d827f94ad89bdb79f1c74fd71,
        type: 3}
      propertyPath: m_AnchoredPosition.x
      value: 0
      objectReference: {fileID: 0}
    - target: {fileID: 549957889221848871, guid: 6a25dc9d827f94ad89bdb79f1c74fd71,
        type: 3}
      propertyPath: m_AnchoredPosition.y
      value: 0
      objectReference: {fileID: 0}
    - target: {fileID: 8542237216713899259, guid: 6a25dc9d827f94ad89bdb79f1c74fd71,
        type: 3}
      propertyPath: m_AnchorMin.y
      value: 0
      objectReference: {fileID: 0}
    - target: {fileID: 8542237216713899259, guid: 6a25dc9d827f94ad89bdb79f1c74fd71,
        type: 3}
      propertyPath: m_AnchorMax.y
      value: 0
      objectReference: {fileID: 0}
    - target: {fileID: 8542237216713899259, guid: 6a25dc9d827f94ad89bdb79f1c74fd71,
        type: 3}
      propertyPath: m_AnchoredPosition.x
      value: 0
      objectReference: {fileID: 0}
    - target: {fileID: 8542237216713899259, guid: 6a25dc9d827f94ad89bdb79f1c74fd71,
        type: 3}
      propertyPath: m_AnchoredPosition.y
      value: 0
      objectReference: {fileID: 0}
    - target: {fileID: 5364041150202910303, guid: 6a25dc9d827f94ad89bdb79f1c74fd71,
        type: 3}
      propertyPath: m_AnchorMin.y
      value: 0
      objectReference: {fileID: 0}
    - target: {fileID: 5364041150202910303, guid: 6a25dc9d827f94ad89bdb79f1c74fd71,
        type: 3}
      propertyPath: m_AnchorMax.y
      value: 0
      objectReference: {fileID: 0}
    - target: {fileID: 5364041150202910303, guid: 6a25dc9d827f94ad89bdb79f1c74fd71,
        type: 3}
      propertyPath: m_AnchoredPosition.x
      value: 0
      objectReference: {fileID: 0}
    - target: {fileID: 5364041150202910303, guid: 6a25dc9d827f94ad89bdb79f1c74fd71,
        type: 3}
      propertyPath: m_AnchoredPosition.y
      value: 0
      objectReference: {fileID: 0}
    - target: {fileID: 6123774123958763404, guid: 6a25dc9d827f94ad89bdb79f1c74fd71,
        type: 3}
      propertyPath: m_AnchorMin.y
      value: 0
      objectReference: {fileID: 0}
    - target: {fileID: 6123774123958763404, guid: 6a25dc9d827f94ad89bdb79f1c74fd71,
        type: 3}
      propertyPath: m_AnchorMax.y
      value: 0
      objectReference: {fileID: 0}
    - target: {fileID: 6123774123958763404, guid: 6a25dc9d827f94ad89bdb79f1c74fd71,
        type: 3}
      propertyPath: m_AnchoredPosition.x
      value: 0
      objectReference: {fileID: 0}
    - target: {fileID: 6123774123958763404, guid: 6a25dc9d827f94ad89bdb79f1c74fd71,
        type: 3}
      propertyPath: m_AnchoredPosition.y
      value: 0
      objectReference: {fileID: 0}
    - target: {fileID: 5507684133542121122, guid: 6a25dc9d827f94ad89bdb79f1c74fd71,
        type: 3}
      propertyPath: m_AnchorMin.y
      value: 0
      objectReference: {fileID: 0}
    - target: {fileID: 5507684133542121122, guid: 6a25dc9d827f94ad89bdb79f1c74fd71,
        type: 3}
      propertyPath: m_AnchorMax.y
      value: 0
      objectReference: {fileID: 0}
    - target: {fileID: 5507684133542121122, guid: 6a25dc9d827f94ad89bdb79f1c74fd71,
        type: 3}
      propertyPath: m_AnchoredPosition.x
      value: 0
      objectReference: {fileID: 0}
    - target: {fileID: 5507684133542121122, guid: 6a25dc9d827f94ad89bdb79f1c74fd71,
        type: 3}
      propertyPath: m_AnchoredPosition.y
      value: 0
      objectReference: {fileID: 0}
    m_RemovedComponents: []
  m_SourcePrefab: {fileID: 100100000, guid: 6a25dc9d827f94ad89bdb79f1c74fd71, type: 3}
--- !u!4 &1994170461 stripped
Transform:
  m_CorrespondingSourceObject: {fileID: 3089426306088938654, guid: 6a25dc9d827f94ad89bdb79f1c74fd71,
    type: 3}
  m_PrefabInstance: {fileID: 1994170460}
  m_PrefabAsset: {fileID: 0}
--- !u!1 &2111136060 stripped
GameObject:
  m_CorrespondingSourceObject: {fileID: 1123483300, guid: 6d116791285efe74b8a17066f61fee26,
    type: 3}
  m_PrefabInstance: {fileID: 1154876248}
  m_PrefabAsset: {fileID: 0}
--- !u!114 &2111136061
MonoBehaviour:
  m_ObjectHideFlags: 0
  m_CorrespondingSourceObject: {fileID: 0}
  m_PrefabInstance: {fileID: 0}
  m_PrefabAsset: {fileID: 0}
  m_GameObject: {fileID: 2111136060}
  m_Enabled: 1
  m_EditorHideFlags: 0
  m_Script: {fileID: 11500000, guid: 948f4100a11a5c24981795d21301da5c, type: 3}
  m_Name: 
  m_EditorClassIdentifier: 
  volumeTrigger: {fileID: 2111136064}
  volumeLayer:
    serializedVersion: 2
    m_Bits: 8704
  stopNaNPropagation: 1
  finalBlitToCameraTarget: 1
  antialiasingMode: 1
  temporalAntialiasing:
    jitterSpread: 0.75
    sharpness: 0.25
    stationaryBlending: 0.95
    motionBlending: 0.85
  subpixelMorphologicalAntialiasing:
    quality: 2
  fastApproximateAntialiasing:
    fastMode: 1
    keepAlpha: 0
  fog:
    enabled: 1
    excludeSkybox: 1
  debugLayer:
    lightMeter:
      width: 512
      height: 256
      showCurves: 1
    histogram:
      width: 512
      height: 256
      channel: 3
    waveform:
      exposure: 0.12
      height: 256
    vectorscope:
      size: 256
      exposure: 0.12
    overlaySettings:
      linearDepth: 0
      motionColorIntensity: 4
      motionGridSize: 64
      colorBlindnessType: 0
      colorBlindnessStrength: 1
  m_Resources: {fileID: 11400000, guid: d82512f9c8e5d4a4d938b575d47f88d4, type: 2}
  m_ShowToolkit: 0
  m_ShowCustomSorter: 0
  breakBeforeColorGrading: 0
  m_BeforeTransparentBundles: []
  m_BeforeStackBundles: []
  m_AfterStackBundles: []
--- !u!4 &2111136064 stripped
Transform:
  m_CorrespondingSourceObject: {fileID: 1123483303, guid: 6d116791285efe74b8a17066f61fee26,
    type: 3}
  m_PrefabInstance: {fileID: 1154876248}
  m_PrefabAsset: {fileID: 0}
--- !u!1001 &2129676545
PrefabInstance:
  m_ObjectHideFlags: 0
  serializedVersion: 2
  m_Modification:
    m_TransformParent: {fileID: 0}
    m_Modifications:
    - target: {fileID: 1476688473855396431, guid: 3216a678e57422748819a9dce095440b,
        type: 3}
      propertyPath: m_Name
      value: DirectionalLight
      objectReference: {fileID: 0}
    - target: {fileID: 1476688473855396417, guid: 3216a678e57422748819a9dce095440b,
        type: 3}
      propertyPath: m_LocalPosition.x
      value: 0
      objectReference: {fileID: 0}
    - target: {fileID: 1476688473855396417, guid: 3216a678e57422748819a9dce095440b,
        type: 3}
      propertyPath: m_LocalPosition.y
      value: 3
      objectReference: {fileID: 0}
    - target: {fileID: 1476688473855396417, guid: 3216a678e57422748819a9dce095440b,
        type: 3}
      propertyPath: m_LocalPosition.z
      value: 0
      objectReference: {fileID: 0}
    - target: {fileID: 1476688473855396417, guid: 3216a678e57422748819a9dce095440b,
        type: 3}
      propertyPath: m_LocalRotation.x
      value: 0.40821788
      objectReference: {fileID: 0}
    - target: {fileID: 1476688473855396417, guid: 3216a678e57422748819a9dce095440b,
        type: 3}
      propertyPath: m_LocalRotation.y
      value: -0.23456968
      objectReference: {fileID: 0}
    - target: {fileID: 1476688473855396417, guid: 3216a678e57422748819a9dce095440b,
        type: 3}
      propertyPath: m_LocalRotation.z
      value: 0.10938163
      objectReference: {fileID: 0}
    - target: {fileID: 1476688473855396417, guid: 3216a678e57422748819a9dce095440b,
        type: 3}
      propertyPath: m_LocalRotation.w
      value: 0.8754261
      objectReference: {fileID: 0}
    - target: {fileID: 1476688473855396417, guid: 3216a678e57422748819a9dce095440b,
        type: 3}
      propertyPath: m_RootOrder
      value: 9
      objectReference: {fileID: 0}
    - target: {fileID: 1476688473855396417, guid: 3216a678e57422748819a9dce095440b,
        type: 3}
      propertyPath: m_LocalEulerAnglesHint.x
      value: 50
      objectReference: {fileID: 0}
    - target: {fileID: 1476688473855396417, guid: 3216a678e57422748819a9dce095440b,
        type: 3}
      propertyPath: m_LocalEulerAnglesHint.y
      value: -30
      objectReference: {fileID: 0}
    - target: {fileID: 1476688473855396417, guid: 3216a678e57422748819a9dce095440b,
        type: 3}
      propertyPath: m_LocalEulerAnglesHint.z
      value: 0
      objectReference: {fileID: 0}
    - target: {fileID: 1476688473855396430, guid: 3216a678e57422748819a9dce095440b,
        type: 3}
      propertyPath: m_Intensity
      value: 0.2
      objectReference: {fileID: 0}
    m_RemovedComponents: []
  m_SourcePrefab: {fileID: 100100000, guid: 3216a678e57422748819a9dce095440b, type: 3}
--- !u!1 &1969146330448915 stripped
GameObject:
  m_CorrespondingSourceObject: {fileID: 7581403185438258413, guid: ea1353b0bf5be184186e91279dc4f168,
    type: 3}
  m_PrefabInstance: {fileID: 7579682327157436670}
  m_PrefabAsset: {fileID: 0}
--- !u!4 &4445584405974851 stripped
Transform:
  m_CorrespondingSourceObject: {fileID: 7583986828195151805, guid: ea1353b0bf5be184186e91279dc4f168,
    type: 3}
  m_PrefabInstance: {fileID: 7579682327157436670}
  m_PrefabAsset: {fileID: 0}
--- !u!1001 &896151236304216757
PrefabInstance:
  m_ObjectHideFlags: 0
  serializedVersion: 2
  m_Modification:
    m_TransformParent: {fileID: 0}
    m_Modifications:
    - target: {fileID: 1251584553328701911, guid: 851043bbb5879e74f87fd11960393d9a,
        type: 3}
      propertyPath: m_Name
      value: GameManagerAtchoum
      objectReference: {fileID: 0}
    - target: {fileID: 1251584553328701909, guid: 851043bbb5879e74f87fd11960393d9a,
        type: 3}
      propertyPath: m_LocalPosition.x
      value: 0
      objectReference: {fileID: 0}
    - target: {fileID: 1251584553328701909, guid: 851043bbb5879e74f87fd11960393d9a,
        type: 3}
      propertyPath: m_LocalPosition.y
      value: 0
      objectReference: {fileID: 0}
    - target: {fileID: 1251584553328701909, guid: 851043bbb5879e74f87fd11960393d9a,
        type: 3}
      propertyPath: m_LocalPosition.z
      value: 0
      objectReference: {fileID: 0}
    - target: {fileID: 1251584553328701909, guid: 851043bbb5879e74f87fd11960393d9a,
        type: 3}
      propertyPath: m_LocalRotation.x
      value: 0
      objectReference: {fileID: 0}
    - target: {fileID: 1251584553328701909, guid: 851043bbb5879e74f87fd11960393d9a,
        type: 3}
      propertyPath: m_LocalRotation.y
      value: 0
      objectReference: {fileID: 0}
    - target: {fileID: 1251584553328701909, guid: 851043bbb5879e74f87fd11960393d9a,
        type: 3}
      propertyPath: m_LocalRotation.z
      value: 0
      objectReference: {fileID: 0}
    - target: {fileID: 1251584553328701909, guid: 851043bbb5879e74f87fd11960393d9a,
        type: 3}
      propertyPath: m_LocalRotation.w
      value: 1
      objectReference: {fileID: 0}
    - target: {fileID: 1251584553328701909, guid: 851043bbb5879e74f87fd11960393d9a,
        type: 3}
      propertyPath: m_RootOrder
      value: 0
      objectReference: {fileID: 0}
    - target: {fileID: 1251584553328701909, guid: 851043bbb5879e74f87fd11960393d9a,
        type: 3}
      propertyPath: m_LocalEulerAnglesHint.x
      value: 0
      objectReference: {fileID: 0}
    - target: {fileID: 1251584553328701909, guid: 851043bbb5879e74f87fd11960393d9a,
        type: 3}
      propertyPath: m_LocalEulerAnglesHint.y
      value: 0
      objectReference: {fileID: 0}
    - target: {fileID: 1251584553328701909, guid: 851043bbb5879e74f87fd11960393d9a,
        type: 3}
      propertyPath: m_LocalEulerAnglesHint.z
      value: 0
      objectReference: {fileID: 0}
    - target: {fileID: 1251584553328701908, guid: 851043bbb5879e74f87fd11960393d9a,
        type: 3}
      propertyPath: userInterfacePrefab
      value: 
      objectReference: {fileID: 1994170461}
    - target: {fileID: 1251584553328701908, guid: 851043bbb5879e74f87fd11960393d9a,
        type: 3}
      propertyPath: debug
      value: 0
      objectReference: {fileID: 0}
    - target: {fileID: 896151237109280671, guid: 851043bbb5879e74f87fd11960393d9a,
        type: 3}
      propertyPath: numberOfEnemyAroundPlayer
      value: 5
      objectReference: {fileID: 0}
    m_RemovedComponents: []
  m_SourcePrefab: {fileID: 100100000, guid: 851043bbb5879e74f87fd11960393d9a, type: 3}
--- !u!4 &3255383059505635532 stripped
Transform:
  m_CorrespondingSourceObject: {fileID: 8898001947119718284, guid: 16fd89a9309a8bd4c801b48e57bb0bcf,
    type: 3}
  m_PrefabInstance: {fileID: 6219888923463020352}
  m_PrefabAsset: {fileID: 0}
--- !u!1001 &6219888923463020352
PrefabInstance:
  m_ObjectHideFlags: 0
  serializedVersion: 2
  m_Modification:
    m_TransformParent: {fileID: 0}
    m_Modifications:
    - target: {fileID: 8898001947119718287, guid: 16fd89a9309a8bd4c801b48e57bb0bcf,
        type: 3}
      propertyPath: m_Name
      value: PlayerAtchoum
      objectReference: {fileID: 0}
    - target: {fileID: 8898001947119718287, guid: 16fd89a9309a8bd4c801b48e57bb0bcf,
        type: 3}
      propertyPath: m_IsActive
      value: 0
      objectReference: {fileID: 0}
    - target: {fileID: 8898001947119718284, guid: 16fd89a9309a8bd4c801b48e57bb0bcf,
        type: 3}
      propertyPath: m_LocalPosition.x
      value: 0
      objectReference: {fileID: 0}
    - target: {fileID: 8898001947119718284, guid: 16fd89a9309a8bd4c801b48e57bb0bcf,
        type: 3}
      propertyPath: m_LocalPosition.y
      value: -27.69
      objectReference: {fileID: 0}
    - target: {fileID: 8898001947119718284, guid: 16fd89a9309a8bd4c801b48e57bb0bcf,
        type: 3}
      propertyPath: m_LocalPosition.z
      value: 3
      objectReference: {fileID: 0}
    - target: {fileID: 8898001947119718284, guid: 16fd89a9309a8bd4c801b48e57bb0bcf,
        type: 3}
      propertyPath: m_LocalRotation.x
      value: 0
      objectReference: {fileID: 0}
    - target: {fileID: 8898001947119718284, guid: 16fd89a9309a8bd4c801b48e57bb0bcf,
        type: 3}
      propertyPath: m_LocalRotation.y
      value: 0
      objectReference: {fileID: 0}
    - target: {fileID: 8898001947119718284, guid: 16fd89a9309a8bd4c801b48e57bb0bcf,
        type: 3}
      propertyPath: m_LocalRotation.z
      value: 0
      objectReference: {fileID: 0}
    - target: {fileID: 8898001947119718284, guid: 16fd89a9309a8bd4c801b48e57bb0bcf,
        type: 3}
      propertyPath: m_LocalRotation.w
      value: 1
      objectReference: {fileID: 0}
    - target: {fileID: 8898001947119718284, guid: 16fd89a9309a8bd4c801b48e57bb0bcf,
        type: 3}
      propertyPath: m_RootOrder
      value: 1
      objectReference: {fileID: 0}
    - target: {fileID: 8898001947119718284, guid: 16fd89a9309a8bd4c801b48e57bb0bcf,
        type: 3}
      propertyPath: m_LocalEulerAnglesHint.x
      value: 0
      objectReference: {fileID: 0}
    - target: {fileID: 8898001947119718284, guid: 16fd89a9309a8bd4c801b48e57bb0bcf,
        type: 3}
      propertyPath: m_LocalEulerAnglesHint.y
      value: 0
      objectReference: {fileID: 0}
    - target: {fileID: 8898001947119718284, guid: 16fd89a9309a8bd4c801b48e57bb0bcf,
        type: 3}
      propertyPath: m_LocalEulerAnglesHint.z
      value: 0
      objectReference: {fileID: 0}
    - target: {fileID: 534922394053471516, guid: 16fd89a9309a8bd4c801b48e57bb0bcf,
        type: 3}
      propertyPath: sword
      value: 
      objectReference: {fileID: 1696236303}
    - target: {fileID: 8898001947119718323, guid: 16fd89a9309a8bd4c801b48e57bb0bcf,
        type: 3}
      propertyPath: radiusForSwordSearch
      value: 1
      objectReference: {fileID: 0}
    m_RemovedComponents: []
  m_SourcePrefab: {fileID: 100100000, guid: 16fd89a9309a8bd4c801b48e57bb0bcf, type: 3}
--- !u!1001 &7579682327157436670
PrefabInstance:
  m_ObjectHideFlags: 0
  serializedVersion: 2
  m_Modification:
    m_TransformParent: {fileID: 0}
    m_Modifications:
    - target: {fileID: 7581403185438258413, guid: ea1353b0bf5be184186e91279dc4f168,
        type: 3}
      propertyPath: m_Name
      value: knigthprefab
      objectReference: {fileID: 0}
    - target: {fileID: 7583986828195151805, guid: ea1353b0bf5be184186e91279dc4f168,
        type: 3}
      propertyPath: m_LocalPosition.x
      value: 0
      objectReference: {fileID: 0}
    - target: {fileID: 7583986828195151805, guid: ea1353b0bf5be184186e91279dc4f168,
        type: 3}
      propertyPath: m_LocalPosition.y
      value: 0
      objectReference: {fileID: 0}
    - target: {fileID: 7583986828195151805, guid: ea1353b0bf5be184186e91279dc4f168,
        type: 3}
      propertyPath: m_LocalPosition.z
      value: 0
      objectReference: {fileID: 0}
    - target: {fileID: 7583986828195151805, guid: ea1353b0bf5be184186e91279dc4f168,
        type: 3}
      propertyPath: m_LocalRotation.x
      value: 0
      objectReference: {fileID: 0}
    - target: {fileID: 7583986828195151805, guid: ea1353b0bf5be184186e91279dc4f168,
        type: 3}
      propertyPath: m_LocalRotation.y
      value: 0
      objectReference: {fileID: 0}
    - target: {fileID: 7583986828195151805, guid: ea1353b0bf5be184186e91279dc4f168,
        type: 3}
      propertyPath: m_LocalRotation.z
      value: 0
      objectReference: {fileID: 0}
    - target: {fileID: 7583986828195151805, guid: ea1353b0bf5be184186e91279dc4f168,
        type: 3}
      propertyPath: m_LocalRotation.w
      value: 1
      objectReference: {fileID: 0}
    - target: {fileID: 7583986828195151805, guid: ea1353b0bf5be184186e91279dc4f168,
        type: 3}
      propertyPath: m_RootOrder
      value: 8
      objectReference: {fileID: 0}
    - target: {fileID: 7583986828195151805, guid: ea1353b0bf5be184186e91279dc4f168,
        type: 3}
      propertyPath: m_LocalEulerAnglesHint.x
      value: 0
      objectReference: {fileID: 0}
    - target: {fileID: 7583986828195151805, guid: ea1353b0bf5be184186e91279dc4f168,
        type: 3}
      propertyPath: m_LocalEulerAnglesHint.y
      value: 0
      objectReference: {fileID: 0}
    - target: {fileID: 7583986828195151805, guid: ea1353b0bf5be184186e91279dc4f168,
        type: 3}
      propertyPath: m_LocalEulerAnglesHint.z
      value: 0
      objectReference: {fileID: 0}
    - target: {fileID: 8341988658585211591, guid: ea1353b0bf5be184186e91279dc4f168,
        type: 3}
      propertyPath: sword
      value: 
      objectReference: {fileID: 1696236303}
    - target: {fileID: 2742532992058340408, guid: ea1353b0bf5be184186e91279dc4f168,
        type: 3}
      propertyPath: maxHealth
      value: 1
      objectReference: {fileID: 0}
    - target: {fileID: 2742532992058340408, guid: ea1353b0bf5be184186e91279dc4f168,
        type: 3}
      propertyPath: isInvincible
      value: 1
      objectReference: {fileID: 0}
    m_RemovedComponents: []
  m_SourcePrefab: {fileID: 100100000, guid: ea1353b0bf5be184186e91279dc4f168, type: 3}
