%YAML 1.1
%TAG !u! tag:unity3d.com,2011:
--- !u!1 &357056335875996704
GameObject:
  m_ObjectHideFlags: 0
  m_CorrespondingSourceObject: {fileID: 0}
  m_PrefabInstance: {fileID: 0}
  m_PrefabAsset: {fileID: 0}
  serializedVersion: 6
  m_Component:
  - component: {fileID: 357056335875996705}
  - component: {fileID: 357056335875996711}
  - component: {fileID: 357056335875996710}
  m_Layer: 0
  m_Name: EventSystem
  m_TagString: Untagged
  m_Icon: {fileID: 0}
  m_NavMeshLayer: 0
  m_StaticEditorFlags: 0
  m_IsActive: 1
--- !u!4 &357056335875996705
Transform:
  m_ObjectHideFlags: 0
  m_CorrespondingSourceObject: {fileID: 0}
  m_PrefabInstance: {fileID: 0}
  m_PrefabAsset: {fileID: 0}
  m_GameObject: {fileID: 357056335875996704}
  m_LocalRotation: {x: -0, y: -0, z: -0, w: 1}
  m_LocalPosition: {x: -214.11133, y: -135.04028, z: 4.73866}
  m_LocalScale: {x: 1, y: 1, z: 1}
  m_Children: []
  m_Father: {fileID: 357056337251298720}
  m_RootOrder: 2
  m_LocalEulerAnglesHint: {x: 0, y: 0, z: 0}
--- !u!114 &357056335875996711
MonoBehaviour:
  m_ObjectHideFlags: 0
  m_CorrespondingSourceObject: {fileID: 0}
  m_PrefabInstance: {fileID: 0}
  m_PrefabAsset: {fileID: 0}
  m_GameObject: {fileID: 357056335875996704}
  m_Enabled: 1
  m_EditorHideFlags: 0
  m_Script: {fileID: 11500000, guid: 76c392e42b5098c458856cdf6ecaaaa1, type: 3}
  m_Name: 
  m_EditorClassIdentifier: 
  m_FirstSelected: {fileID: 0}
  m_sendNavigationEvents: 1
  m_DragThreshold: 10
--- !u!114 &357056335875996710
MonoBehaviour:
  m_ObjectHideFlags: 0
  m_CorrespondingSourceObject: {fileID: 0}
  m_PrefabInstance: {fileID: 0}
  m_PrefabAsset: {fileID: 0}
  m_GameObject: {fileID: 357056335875996704}
  m_Enabled: 1
  m_EditorHideFlags: 0
  m_Script: {fileID: 11500000, guid: 4f231c4fb786f3946a6b90b886c48677, type: 3}
  m_Name: 
  m_EditorClassIdentifier: 
  m_HorizontalAxis: Horizontal
  m_VerticalAxis: Vertical
  m_SubmitButton: Submit
  m_CancelButton: Cancel
  m_InputActionsPerSecond: 10
  m_RepeatDelay: 0.5
  m_ForceModuleActive: 0
--- !u!1 &357056337251298723
GameObject:
  m_ObjectHideFlags: 0
  m_CorrespondingSourceObject: {fileID: 0}
  m_PrefabInstance: {fileID: 0}
  m_PrefabAsset: {fileID: 0}
  serializedVersion: 6
  m_Component:
  - component: {fileID: 357056337251298720}
  m_Layer: 0
  m_Name: BasicScene
  m_TagString: Untagged
  m_Icon: {fileID: 0}
  m_NavMeshLayer: 0
  m_StaticEditorFlags: 0
  m_IsActive: 1
--- !u!4 &357056337251298720
Transform:
  m_ObjectHideFlags: 0
  m_CorrespondingSourceObject: {fileID: 0}
  m_PrefabInstance: {fileID: 0}
  m_PrefabAsset: {fileID: 0}
  m_GameObject: {fileID: 357056337251298723}
  m_LocalRotation: {x: 0, y: 0, z: 0, w: 1}
  m_LocalPosition: {x: 214.11133, y: 135.04028, z: -4.73866}
  m_LocalScale: {x: 1, y: 1, z: 1}
  m_Children:
  - {fileID: 6732159992575292873}
  - {fileID: 9042619699038988128}
  - {fileID: 357056335875996705}
  - {fileID: 1191981170669365576}
  - {fileID: 1115027548395804939}
  - {fileID: 7911486500407494771}
  - {fileID: 8459353490711455127}
  m_Father: {fileID: 0}
  m_RootOrder: 0
  m_LocalEulerAnglesHint: {x: 0, y: 0, z: 0}
--- !u!1001 &357056336072157867
PrefabInstance:
  m_ObjectHideFlags: 0
  serializedVersion: 2
  m_Modification:
    m_TransformParent: {fileID: 357056337251298720}
    m_Modifications:
    - target: {fileID: 6456449929482723168, guid: 64239348514a6524f9e31ac8731064ec,
        type: 3}
      propertyPath: m_Name
      value: GameManager
      objectReference: {fileID: 0}
    - target: {fileID: 6456449929482723170, guid: 64239348514a6524f9e31ac8731064ec,
        type: 3}
      propertyPath: m_LocalPosition.x
      value: 0
      objectReference: {fileID: 0}
    - target: {fileID: 6456449929482723170, guid: 64239348514a6524f9e31ac8731064ec,
        type: 3}
      propertyPath: m_LocalPosition.y
      value: 0
      objectReference: {fileID: 0}
    - target: {fileID: 6456449929482723170, guid: 64239348514a6524f9e31ac8731064ec,
        type: 3}
      propertyPath: m_LocalPosition.z
      value: 0
      objectReference: {fileID: 0}
    - target: {fileID: 6456449929482723170, guid: 64239348514a6524f9e31ac8731064ec,
        type: 3}
      propertyPath: m_LocalRotation.x
      value: 0
      objectReference: {fileID: 0}
    - target: {fileID: 6456449929482723170, guid: 64239348514a6524f9e31ac8731064ec,
        type: 3}
      propertyPath: m_LocalRotation.y
      value: 0
      objectReference: {fileID: 0}
    - target: {fileID: 6456449929482723170, guid: 64239348514a6524f9e31ac8731064ec,
        type: 3}
      propertyPath: m_LocalRotation.z
      value: 0
      objectReference: {fileID: 0}
    - target: {fileID: 6456449929482723170, guid: 64239348514a6524f9e31ac8731064ec,
        type: 3}
      propertyPath: m_LocalRotation.w
      value: 1
      objectReference: {fileID: 0}
    - target: {fileID: 6456449929482723170, guid: 64239348514a6524f9e31ac8731064ec,
        type: 3}
      propertyPath: m_RootOrder
      value: 0
      objectReference: {fileID: 0}
    - target: {fileID: 6456449929482723170, guid: 64239348514a6524f9e31ac8731064ec,
        type: 3}
      propertyPath: m_LocalEulerAnglesHint.x
      value: 0
      objectReference: {fileID: 0}
    - target: {fileID: 6456449929482723170, guid: 64239348514a6524f9e31ac8731064ec,
        type: 3}
      propertyPath: m_LocalEulerAnglesHint.y
      value: 0
      objectReference: {fileID: 0}
    - target: {fileID: 6456449929482723170, guid: 64239348514a6524f9e31ac8731064ec,
        type: 3}
      propertyPath: m_LocalEulerAnglesHint.z
      value: 0
      objectReference: {fileID: 0}
    m_RemovedComponents: []
  m_SourcePrefab: {fileID: 100100000, guid: 64239348514a6524f9e31ac8731064ec, type: 3}
--- !u!4 &6732159992575292873 stripped
Transform:
  m_CorrespondingSourceObject: {fileID: 6456449929482723170, guid: 64239348514a6524f9e31ac8731064ec,
    type: 3}
  m_PrefabInstance: {fileID: 357056336072157867}
  m_PrefabAsset: {fileID: 0}
--- !u!1001 &357056336095508430
PrefabInstance:
  m_ObjectHideFlags: 0
  serializedVersion: 2
  m_Modification:
    m_TransformParent: {fileID: 357056337251298720}
    m_Modifications:
    - target: {fileID: 7581403185438258413, guid: ea1353b0bf5be184186e91279dc4f168,
        type: 3}
      propertyPath: m_Name
      value: knigthprefab
      objectReference: {fileID: 0}
    - target: {fileID: 7583986828195151805, guid: ea1353b0bf5be184186e91279dc4f168,
        type: 3}
      propertyPath: m_LocalPosition.x
      value: 0
      objectReference: {fileID: 0}
    - target: {fileID: 7583986828195151805, guid: ea1353b0bf5be184186e91279dc4f168,
        type: 3}
      propertyPath: m_LocalPosition.y
      value: 0
      objectReference: {fileID: 0}
    - target: {fileID: 7583986828195151805, guid: ea1353b0bf5be184186e91279dc4f168,
        type: 3}
      propertyPath: m_LocalPosition.z
      value: 0
      objectReference: {fileID: 0}
    - target: {fileID: 7583986828195151805, guid: ea1353b0bf5be184186e91279dc4f168,
        type: 3}
      propertyPath: m_LocalRotation.x
      value: 0
      objectReference: {fileID: 0}
    - target: {fileID: 7583986828195151805, guid: ea1353b0bf5be184186e91279dc4f168,
        type: 3}
      propertyPath: m_LocalRotation.y
      value: 0
      objectReference: {fileID: 0}
    - target: {fileID: 7583986828195151805, guid: ea1353b0bf5be184186e91279dc4f168,
        type: 3}
      propertyPath: m_LocalRotation.z
      value: 0
      objectReference: {fileID: 0}
    - target: {fileID: 7583986828195151805, guid: ea1353b0bf5be184186e91279dc4f168,
        type: 3}
      propertyPath: m_LocalRotation.w
      value: 1
      objectReference: {fileID: 0}
    - target: {fileID: 7583986828195151805, guid: ea1353b0bf5be184186e91279dc4f168,
        type: 3}
      propertyPath: m_RootOrder
      value: 5
      objectReference: {fileID: 0}
    - target: {fileID: 7583986828195151805, guid: ea1353b0bf5be184186e91279dc4f168,
        type: 3}
      propertyPath: m_LocalEulerAnglesHint.x
      value: 0
      objectReference: {fileID: 0}
    - target: {fileID: 7583986828195151805, guid: ea1353b0bf5be184186e91279dc4f168,
        type: 3}
      propertyPath: m_LocalEulerAnglesHint.y
      value: 0
      objectReference: {fileID: 0}
    - target: {fileID: 7583986828195151805, guid: ea1353b0bf5be184186e91279dc4f168,
        type: 3}
      propertyPath: m_LocalEulerAnglesHint.z
      value: 0
      objectReference: {fileID: 0}
    - target: {fileID: 8341988658585211591, guid: ea1353b0bf5be184186e91279dc4f168,
        type: 3}
      propertyPath: sword
      value: 
      objectReference: {fileID: 4845575191885502340}
    m_RemovedComponents: []
  m_SourcePrefab: {fileID: 100100000, guid: ea1353b0bf5be184186e91279dc4f168, type: 3}
--- !u!1 &7908895852717507363 stripped
GameObject:
  m_CorrespondingSourceObject: {fileID: 7581403185438258413, guid: ea1353b0bf5be184186e91279dc4f168,
    type: 3}
  m_PrefabInstance: {fileID: 357056336095508430}
  m_PrefabAsset: {fileID: 0}
--- !u!4 &7911486500407494771 stripped
Transform:
  m_CorrespondingSourceObject: {fileID: 7583986828195151805, guid: ea1353b0bf5be184186e91279dc4f168,
    type: 3}
  m_PrefabInstance: {fileID: 357056336095508430}
  m_PrefabAsset: {fileID: 0}
--- !u!1001 &357056337432578829
PrefabInstance:
  m_ObjectHideFlags: 0
  serializedVersion: 2
  m_Modification:
    m_TransformParent: {fileID: 357056337251298720}
    m_Modifications:
    - target: {fileID: 832562836412600837, guid: 6d116791285efe74b8a17066f61fee26,
        type: 3}
      propertyPath: m_Name
      value: CameraController
      objectReference: {fileID: 0}
    - target: {fileID: 832562836412600838, guid: 6d116791285efe74b8a17066f61fee26,
        type: 3}
      propertyPath: m_LocalPosition.x
      value: 0
      objectReference: {fileID: 0}
    - target: {fileID: 832562836412600838, guid: 6d116791285efe74b8a17066f61fee26,
        type: 3}
      propertyPath: m_LocalPosition.y
      value: 0
      objectReference: {fileID: 0}
    - target: {fileID: 832562836412600838, guid: 6d116791285efe74b8a17066f61fee26,
        type: 3}
      propertyPath: m_LocalPosition.z
      value: 0
      objectReference: {fileID: 0}
    - target: {fileID: 832562836412600838, guid: 6d116791285efe74b8a17066f61fee26,
        type: 3}
      propertyPath: m_LocalRotation.x
      value: 0
      objectReference: {fileID: 0}
    - target: {fileID: 832562836412600838, guid: 6d116791285efe74b8a17066f61fee26,
        type: 3}
      propertyPath: m_LocalRotation.y
      value: 0
      objectReference: {fileID: 0}
    - target: {fileID: 832562836412600838, guid: 6d116791285efe74b8a17066f61fee26,
        type: 3}
      propertyPath: m_LocalRotation.z
      value: 0
      objectReference: {fileID: 0}
    - target: {fileID: 832562836412600838, guid: 6d116791285efe74b8a17066f61fee26,
        type: 3}
      propertyPath: m_LocalRotation.w
      value: 1
      objectReference: {fileID: 0}
    - target: {fileID: 832562836412600838, guid: 6d116791285efe74b8a17066f61fee26,
        type: 3}
      propertyPath: m_RootOrder
      value: 4
      objectReference: {fileID: 0}
    - target: {fileID: 832562836412600838, guid: 6d116791285efe74b8a17066f61fee26,
        type: 3}
      propertyPath: m_LocalEulerAnglesHint.x
      value: 0
      objectReference: {fileID: 0}
    - target: {fileID: 832562836412600838, guid: 6d116791285efe74b8a17066f61fee26,
        type: 3}
      propertyPath: m_LocalEulerAnglesHint.y
      value: 0
      objectReference: {fileID: 0}
    - target: {fileID: 832562836412600838, guid: 6d116791285efe74b8a17066f61fee26,
        type: 3}
      propertyPath: m_LocalEulerAnglesHint.z
      value: 0
      objectReference: {fileID: 0}
    m_RemovedComponents: []
  m_SourcePrefab: {fileID: 100100000, guid: 6d116791285efe74b8a17066f61fee26, type: 3}
--- !u!4 &1115027548395804939 stripped
Transform:
  m_CorrespondingSourceObject: {fileID: 832562836412600838, guid: 6d116791285efe74b8a17066f61fee26,
    type: 3}
  m_PrefabInstance: {fileID: 357056337432578829}
  m_PrefabAsset: {fileID: 0}
--- !u!1001 &357056337576449921
PrefabInstance:
  m_ObjectHideFlags: 0
  serializedVersion: 2
  m_Modification:
    m_TransformParent: {fileID: 357056337251298720}
    m_Modifications:
    - target: {fileID: 8757621575250931939, guid: 5d1fae678689f3f45ab7c70dfadebffe,
        type: 3}
      propertyPath: m_Name
      value: Heightmap
      objectReference: {fileID: 0}
    - target: {fileID: 8757621575250931937, guid: 5d1fae678689f3f45ab7c70dfadebffe,
        type: 3}
      propertyPath: m_LocalPosition.x
      value: 0
      objectReference: {fileID: 0}
    - target: {fileID: 8757621575250931937, guid: 5d1fae678689f3f45ab7c70dfadebffe,
        type: 3}
      propertyPath: m_LocalPosition.y
      value: 0
      objectReference: {fileID: 0}
    - target: {fileID: 8757621575250931937, guid: 5d1fae678689f3f45ab7c70dfadebffe,
        type: 3}
      propertyPath: m_LocalPosition.z
      value: 0
      objectReference: {fileID: 0}
    - target: {fileID: 8757621575250931937, guid: 5d1fae678689f3f45ab7c70dfadebffe,
        type: 3}
      propertyPath: m_LocalRotation.x
      value: 0
      objectReference: {fileID: 0}
    - target: {fileID: 8757621575250931937, guid: 5d1fae678689f3f45ab7c70dfadebffe,
        type: 3}
      propertyPath: m_LocalRotation.y
      value: 0
      objectReference: {fileID: 0}
    - target: {fileID: 8757621575250931937, guid: 5d1fae678689f3f45ab7c70dfadebffe,
        type: 3}
      propertyPath: m_LocalRotation.z
      value: 0
      objectReference: {fileID: 0}
    - target: {fileID: 8757621575250931937, guid: 5d1fae678689f3f45ab7c70dfadebffe,
        type: 3}
      propertyPath: m_LocalRotation.w
      value: 1
      objectReference: {fileID: 0}
    - target: {fileID: 8757621575250931937, guid: 5d1fae678689f3f45ab7c70dfadebffe,
        type: 3}
      propertyPath: m_RootOrder
      value: 1
      objectReference: {fileID: 0}
    - target: {fileID: 8757621575250931937, guid: 5d1fae678689f3f45ab7c70dfadebffe,
        type: 3}
      propertyPath: m_LocalEulerAnglesHint.x
      value: 0
      objectReference: {fileID: 0}
    - target: {fileID: 8757621575250931937, guid: 5d1fae678689f3f45ab7c70dfadebffe,
        type: 3}
      propertyPath: m_LocalEulerAnglesHint.y
      value: 0
      objectReference: {fileID: 0}
    - target: {fileID: 8757621575250931937, guid: 5d1fae678689f3f45ab7c70dfadebffe,
        type: 3}
      propertyPath: m_LocalEulerAnglesHint.z
      value: 0
      objectReference: {fileID: 0}
    - target: {fileID: 8757621575250931936, guid: 5d1fae678689f3f45ab7c70dfadebffe,
        type: 3}
      propertyPath: followedObject
      value: 
      objectReference: {fileID: 7908895852717507363}
    m_RemovedComponents: []
  m_SourcePrefab: {fileID: 100100000, guid: 5d1fae678689f3f45ab7c70dfadebffe, type: 3}
--- !u!4 &9042619699038988128 stripped
Transform:
  m_CorrespondingSourceObject: {fileID: 8757621575250931937, guid: 5d1fae678689f3f45ab7c70dfadebffe,
    type: 3}
  m_PrefabInstance: {fileID: 357056337576449921}
  m_PrefabAsset: {fileID: 0}
--- !u!1001 &357056337619919625
PrefabInstance:
  m_ObjectHideFlags: 0
  serializedVersion: 2
  m_Modification:
    m_TransformParent: {fileID: 357056337251298720}
    m_Modifications:
    - target: {fileID: 1476688473855396431, guid: 3216a678e57422748819a9dce095440b,
        type: 3}
      propertyPath: m_Name
      value: DirectionalLight
      objectReference: {fileID: 0}
    - target: {fileID: 1476688473855396417, guid: 3216a678e57422748819a9dce095440b,
        type: 3}
      propertyPath: m_LocalPosition.x
      value: 0
      objectReference: {fileID: 0}
    - target: {fileID: 1476688473855396417, guid: 3216a678e57422748819a9dce095440b,
        type: 3}
      propertyPath: m_LocalPosition.y
      value: 3
      objectReference: {fileID: 0}
    - target: {fileID: 1476688473855396417, guid: 3216a678e57422748819a9dce095440b,
        type: 3}
      propertyPath: m_LocalPosition.z
      value: 0
      objectReference: {fileID: 0}
    - target: {fileID: 1476688473855396417, guid: 3216a678e57422748819a9dce095440b,
        type: 3}
      propertyPath: m_LocalRotation.x
      value: 0.40821788
      objectReference: {fileID: 0}
    - target: {fileID: 1476688473855396417, guid: 3216a678e57422748819a9dce095440b,
        type: 3}
      propertyPath: m_LocalRotation.y
      value: -0.23456968
      objectReference: {fileID: 0}
    - target: {fileID: 1476688473855396417, guid: 3216a678e57422748819a9dce095440b,
        type: 3}
      propertyPath: m_LocalRotation.z
      value: 0.10938163
      objectReference: {fileID: 0}
    - target: {fileID: 1476688473855396417, guid: 3216a678e57422748819a9dce095440b,
        type: 3}
      propertyPath: m_LocalRotation.w
      value: 0.8754261
      objectReference: {fileID: 0}
    - target: {fileID: 1476688473855396417, guid: 3216a678e57422748819a9dce095440b,
        type: 3}
      propertyPath: m_RootOrder
      value: 3
      objectReference: {fileID: 0}
    - target: {fileID: 1476688473855396417, guid: 3216a678e57422748819a9dce095440b,
        type: 3}
      propertyPath: m_LocalEulerAnglesHint.x
      value: 50
      objectReference: {fileID: 0}
    - target: {fileID: 1476688473855396417, guid: 3216a678e57422748819a9dce095440b,
        type: 3}
      propertyPath: m_LocalEulerAnglesHint.y
      value: -30
      objectReference: {fileID: 0}
    - target: {fileID: 1476688473855396417, guid: 3216a678e57422748819a9dce095440b,
        type: 3}
      propertyPath: m_LocalEulerAnglesHint.z
      value: 0
      objectReference: {fileID: 0}
    m_RemovedComponents: []
  m_SourcePrefab: {fileID: 100100000, guid: 3216a678e57422748819a9dce095440b, type: 3}
--- !u!4 &1191981170669365576 stripped
Transform:
  m_CorrespondingSourceObject: {fileID: 1476688473855396417, guid: 3216a678e57422748819a9dce095440b,
    type: 3}
  m_PrefabInstance: {fileID: 357056337619919625}
  m_PrefabAsset: {fileID: 0}
--- !u!1001 &357056337728594004
PrefabInstance:
  m_ObjectHideFlags: 0
  serializedVersion: 2
  m_Modification:
    m_TransformParent: {fileID: 357056337251298720}
    m_Modifications:
    - target: {fileID: 5173074863507290064, guid: db64e4757fb7fedee9e08615448648f9,
        type: 3}
      propertyPath: m_Name
      value: Viking Sword Variant
      objectReference: {fileID: 0}
    - target: {fileID: 8183372535921657283, guid: db64e4757fb7fedee9e08615448648f9,
        type: 3}
      propertyPath: m_LocalPosition.x
      value: 0
      objectReference: {fileID: 0}
    - target: {fileID: 8183372535921657283, guid: db64e4757fb7fedee9e08615448648f9,
        type: 3}
      propertyPath: m_LocalPosition.y
      value: 0
      objectReference: {fileID: 0}
    - target: {fileID: 8183372535921657283, guid: db64e4757fb7fedee9e08615448648f9,
        type: 3}
      propertyPath: m_LocalPosition.z
      value: 0
      objectReference: {fileID: 0}
    - target: {fileID: 8183372535921657283, guid: db64e4757fb7fedee9e08615448648f9,
        type: 3}
      propertyPath: m_LocalRotation.x
      value: 0
      objectReference: {fileID: 0}
    - target: {fileID: 8183372535921657283, guid: db64e4757fb7fedee9e08615448648f9,
        type: 3}
      propertyPath: m_LocalRotation.y
      value: 0
      objectReference: {fileID: 0}
    - target: {fileID: 8183372535921657283, guid: db64e4757fb7fedee9e08615448648f9,
        type: 3}
      propertyPath: m_LocalRotation.z
      value: 0
      objectReference: {fileID: 0}
    - target: {fileID: 8183372535921657283, guid: db64e4757fb7fedee9e08615448648f9,
        type: 3}
      propertyPath: m_LocalRotation.w
      value: 1
      objectReference: {fileID: 0}
    - target: {fileID: 8183372535921657283, guid: db64e4757fb7fedee9e08615448648f9,
        type: 3}
      propertyPath: m_RootOrder
      value: 6
      objectReference: {fileID: 0}
    - target: {fileID: 8183372535921657283, guid: db64e4757fb7fedee9e08615448648f9,
        type: 3}
      propertyPath: m_LocalEulerAnglesHint.x
      value: 0
      objectReference: {fileID: 0}
    - target: {fileID: 8183372535921657283, guid: db64e4757fb7fedee9e08615448648f9,
        type: 3}
      propertyPath: m_LocalEulerAnglesHint.y
      value: 0
      objectReference: {fileID: 0}
    - target: {fileID: 8183372535921657283, guid: db64e4757fb7fedee9e08615448648f9,
        type: 3}
      propertyPath: m_LocalEulerAnglesHint.z
      value: 0
      objectReference: {fileID: 0}
    m_RemovedComponents: []
  m_SourcePrefab: {fileID: 100100000, guid: db64e4757fb7fedee9e08615448648f9, type: 3}
--- !u!1 &4845575191885502340 stripped
GameObject:
  m_CorrespondingSourceObject: {fileID: 5173074863507290064, guid: db64e4757fb7fedee9e08615448648f9,
    type: 3}
  m_PrefabInstance: {fileID: 357056337728594004}
  m_PrefabAsset: {fileID: 0}
--- !u!4 &8459353490711455127 stripped
Transform:
  m_CorrespondingSourceObject: {fileID: 8183372535921657283, guid: db64e4757fb7fedee9e08615448648f9,
    type: 3}
  m_PrefabInstance: {fileID: 357056337728594004}
  m_PrefabAsset: {fileID: 0}
