%YAML 1.1
%TAG !u! tag:unity3d.com,2011:
--- !u!95 &8898001948142492900
Animator:
  serializedVersion: 3
  m_ObjectHideFlags: 0
  m_CorrespondingSourceObject: {fileID: 0}
  m_PrefabInstance: {fileID: 0}
  m_PrefabAsset: {fileID: 0}
  m_GameObject: {fileID: 602884999777676118}
  m_Enabled: 1
  m_Avatar: {fileID: 9000000, guid: 18058981bffb0f041955ab517f2e224a, type: 3}
  m_Controller: {fileID: 9100000, guid: 822e139c2ebf30d46a5244ec2d688544, type: 2}
  m_CullingMode: 0
  m_UpdateMode: 0
  m_ApplyRootMotion: 0
  m_LinearVelocityBlending: 0
  m_WarningMessage: 
  m_HasTransformHierarchy: 1
  m_AllowConstantClipSamplingOptimization: 1
  m_KeepAnimatorControllerStateOnDisable: 0
--- !u!114 &2946215294707460225
MonoBehaviour:
  m_ObjectHideFlags: 0
  m_CorrespondingSourceObject: {fileID: 0}
  m_PrefabInstance: {fileID: 0}
  m_PrefabAsset: {fileID: 0}
  m_GameObject: {fileID: 602884999777676118}
  m_Enabled: 1
  m_EditorHideFlags: 0
  m_Script: {fileID: 11500000, guid: 6f3df8b3329714c4abf234f94375e8cd, type: 3}
  m_Name: 
  m_EditorClassIdentifier: 
--- !u!96 &6219888924613145165
TrailRenderer:
  serializedVersion: 2
  m_ObjectHideFlags: 0
  m_CorrespondingSourceObject: {fileID: 0}
  m_PrefabInstance: {fileID: 0}
  m_PrefabAsset: {fileID: 0}
  m_GameObject: {fileID: 2197868119713065404}
  m_Enabled: 0
  m_CastShadows: 1
  m_ReceiveShadows: 1
  m_DynamicOccludee: 1
  m_MotionVectors: 1
  m_LightProbeUsage: 0
  m_ReflectionProbeUsage: 0
  m_RenderingLayerMask: 1
  m_RendererPriority: 0
  m_Materials:
  - {fileID: 2100000, guid: bb0e77ff3f7649d4197c1b9aa4ee2355, type: 2}
  m_StaticBatchInfo:
    firstSubMesh: 0
    subMeshCount: 0
  m_StaticBatchRoot: {fileID: 0}
  m_ProbeAnchor: {fileID: 0}
  m_LightProbeVolumeOverride: {fileID: 0}
  m_ScaleInLightmap: 1
  m_ReceiveGI: 1
  m_PreserveUVs: 0
  m_IgnoreNormalsForChartDetection: 0
  m_ImportantGI: 0
  m_StitchLightmapSeams: 1
  m_SelectedEditorRenderState: 3
  m_MinimumChartSize: 4
  m_AutoUVMaxDistance: 0.5
  m_AutoUVMaxAngle: 89
  m_LightmapParameters: {fileID: 0}
  m_SortingLayerID: 0
  m_SortingLayer: 0
  m_SortingOrder: 0
  m_Time: Infinity
  m_Parameters:
    serializedVersion: 3
    widthMultiplier: 1
    widthCurve:
      serializedVersion: 2
      m_Curve:
      - serializedVersion: 3
        time: 0.010990143
        value: 0.14084435
        inSlope: 0
        outSlope: 0
        tangentMode: 0
        weightedMode: 0
        inWeight: 0.33333334
        outWeight: 0.33333334
      m_PreInfinity: 2
      m_PostInfinity: 2
      m_RotationOrder: 4
    colorGradient:
      serializedVersion: 2
      key0: {r: 1, g: 1, b: 1, a: 1}
      key1: {r: 1, g: 1, b: 1, a: 1}
      key2: {r: 0, g: 0, b: 0, a: 0}
      key3: {r: 0, g: 0, b: 0, a: 0}
      key4: {r: 0, g: 0, b: 0, a: 0}
      key5: {r: 0, g: 0, b: 0, a: 0}
      key6: {r: 0, g: 0, b: 0, a: 0}
      key7: {r: 0, g: 0, b: 0, a: 0}
      ctime0: 0
      ctime1: 65535
      ctime2: 0
      ctime3: 0
      ctime4: 0
      ctime5: 0
      ctime6: 0
      ctime7: 0
      atime0: 0
      atime1: 65535
      atime2: 0
      atime3: 0
      atime4: 0
      atime5: 0
      atime6: 0
      atime7: 0
      m_Mode: 0
      m_NumColorKeys: 2
      m_NumAlphaKeys: 2
    numCornerVertices: 0
    numCapVertices: 0
    alignment: 0
    textureMode: 0
    shadowBias: 0.5
    generateLightingData: 0
  m_MinVertexDistance: 0.1
  m_Autodestruct: 0
  m_Emitting: 1
--- !u!1 &8898001947119718287
GameObject:
  m_ObjectHideFlags: 0
  m_CorrespondingSourceObject: {fileID: 0}
  m_PrefabInstance: {fileID: 0}
  m_PrefabAsset: {fileID: 0}
  serializedVersion: 6
  m_Component:
  - component: {fileID: 8898001947119718284}
  - component: {fileID: 8898001947119718285}
  - component: {fileID: 8898001947119718322}
  - component: {fileID: 8898001947119718320}
  - component: {fileID: 8898001947119718323}
  - component: {fileID: 534922394053471516}
  - component: {fileID: 534922394053471519}
  m_Layer: 10
  m_Name: PlayerAtchoum
  m_TagString: Player
  m_Icon: {fileID: 0}
  m_NavMeshLayer: 0
  m_StaticEditorFlags: 0
  m_IsActive: 1
--- !u!4 &8898001947119718284
Transform:
  m_ObjectHideFlags: 0
  m_CorrespondingSourceObject: {fileID: 0}
  m_PrefabInstance: {fileID: 0}
  m_PrefabAsset: {fileID: 0}
  m_GameObject: {fileID: 8898001947119718287}
  m_LocalRotation: {x: 0, y: 0, z: 0, w: 1}
  m_LocalPosition: {x: 0, y: -27.69, z: 3}
  m_LocalScale: {x: 1, y: 1, z: 1}
  m_Children:
  - {fileID: 4469463563982739781}
  m_Father: {fileID: 0}
  m_RootOrder: 0
  m_LocalEulerAnglesHint: {x: 0, y: 0, z: 0}
--- !u!136 &8898001947119718285
CapsuleCollider:
  m_ObjectHideFlags: 0
  m_CorrespondingSourceObject: {fileID: 0}
  m_PrefabInstance: {fileID: 0}
  m_PrefabAsset: {fileID: 0}
  m_GameObject: {fileID: 8898001947119718287}
  m_Material: {fileID: 0}
  m_IsTrigger: 0
  m_Enabled: 1
  m_Radius: 0.29792815
  m_Height: 1.922881
  m_Direction: 1
  m_Center: {x: 0, y: 0.94618315, z: 0}
--- !u!54 &8898001947119718322
Rigidbody:
  m_ObjectHideFlags: 0
  m_CorrespondingSourceObject: {fileID: 0}
  m_PrefabInstance: {fileID: 0}
  m_PrefabAsset: {fileID: 0}
  m_GameObject: {fileID: 8898001947119718287}
  serializedVersion: 2
  m_Mass: 20000
  m_Drag: 0
  m_AngularDrag: 0.05
  m_UseGravity: 1
  m_IsKinematic: 0
  m_Interpolate: 0
  m_Constraints: 0
  m_CollisionDetection: 0
--- !u!114 &8898001947119718320
MonoBehaviour:
  m_ObjectHideFlags: 0
  m_CorrespondingSourceObject: {fileID: 0}
  m_PrefabInstance: {fileID: 0}
  m_PrefabAsset: {fileID: 0}
  m_GameObject: {fileID: 8898001947119718287}
  m_Enabled: 1
  m_EditorHideFlags: 0
  m_Script: {fileID: 11500000, guid: 88f456bb252c67649b84ad939eafb937, type: 3}
  m_Name: 
  m_EditorClassIdentifier: 
--- !u!114 &8898001947119718323
MonoBehaviour:
  m_ObjectHideFlags: 0
  m_CorrespondingSourceObject: {fileID: 0}
  m_PrefabInstance: {fileID: 0}
  m_PrefabAsset: {fileID: 0}
  m_GameObject: {fileID: 8898001947119718287}
  m_Enabled: 1
  m_EditorHideFlags: 0
  m_Script: {fileID: 11500000, guid: 751a316d43979fb4f90bb57c713dd46b, type: 3}
  m_Name: 
  m_EditorClassIdentifier: 
  playerSpeed: 5
  sprintSpeed: 9
  crossFadeFact: 0
  characterRotationFact: 600
  model: {fileID: 0}
  anim: {fileID: 0}
  rgbody: {fileID: 0}
  a_follow: {fileID: 0}
  wpController: {fileID: 0}
  playerCtrl: {fileID: 0}
  horizontal: 0
  vertical: 0
  moveDirection: {x: 0, y: 0, z: 0}
  sprint: 0
  rolling: 0
  attacking: 0
  inAction: 0
  isAttacking: 0
  isRolling: 0
  hasBeenHit: 0
  isDamaged: 0
  rollingInvincibilityTimer: 0
  rollingInvincibilityTimeLimit: 0
  pickUpSword: 0
  dropSword: 0
  isPickingUpSword: 0
  radiusForSwordSearch: 0.6
  hasSword: 0
  whenAttackDealsDamageFactor: 0.1
  startRollingInvincibilityFactor: 0.15
  endRollingInvincibilityFactor: 0.85
  dropSwordAfterAttack: 0
--- !u!114 &534922394053471516
MonoBehaviour:
  m_ObjectHideFlags: 0
  m_CorrespondingSourceObject: {fileID: 0}
  m_PrefabInstance: {fileID: 0}
  m_PrefabAsset: {fileID: 0}
  m_GameObject: {fileID: 8898001947119718287}
  m_Enabled: 1
  m_EditorHideFlags: 0
  m_Script: {fileID: 11500000, guid: 4f7f5f3f84cf83582a0e7fd0b185aa9e, type: 3}
  m_Name: 
  m_EditorClassIdentifier: 
  sword: {fileID: 0}
  hand: {fileID: 8533954963431367688}
  swordScale: 2.54
--- !u!114 &534922394053471519
MonoBehaviour:
  m_ObjectHideFlags: 0
  m_CorrespondingSourceObject: {fileID: 0}
  m_PrefabInstance: {fileID: 0}
  m_PrefabAsset: {fileID: 0}
  m_GameObject: {fileID: 8898001947119718287}
  m_Enabled: 1
  m_EditorHideFlags: 0
  m_Script: {fileID: 11500000, guid: 04a2ca58d9b0802329890b35ae278ec3, type: 3}
  m_Name: 
  m_EditorClassIdentifier: 
  canMove: 1
  canAttack: 1
  isInvincible: 0
  maxHealth: 1000000
  health: 0
  maxSpeed: 10
  attackSpeed: 1
  damageDealt: 50
  attackRadius: 5
  attackCooldown: 1
  lastAttackTime: 0
  hasCharacterAttacked: 0
  damageCollider: {fileID: 0}
  maxAngleOfAttack: 45
  stunDuration: 1
  devise_count: 0
--- !u!1001 &8898001948417438303
PrefabInstance:
  m_ObjectHideFlags: 0
  serializedVersion: 2
  m_Modification:
    m_TransformParent: {fileID: 8898001947119718284}
    m_Modifications:
    - target: {fileID: -927199367670048503, guid: 18058981bffb0f041955ab517f2e224a,
        type: 3}
      propertyPath: m_Name
      value: boxMan
      objectReference: {fileID: 0}
    - target: {fileID: -927199367670048503, guid: 18058981bffb0f041955ab517f2e224a,
        type: 3}
      propertyPath: m_Layer
      value: 10
      objectReference: {fileID: 0}
    - target: {fileID: 7348863900575636451, guid: 18058981bffb0f041955ab517f2e224a,
        type: 3}
      propertyPath: m_Layer
      value: 10
      objectReference: {fileID: 0}
    - target: {fileID: 2502203975881118265, guid: 18058981bffb0f041955ab517f2e224a,
        type: 3}
      propertyPath: m_Layer
      value: 10
      objectReference: {fileID: 0}
    - target: {fileID: -4216859302048453862, guid: 18058981bffb0f041955ab517f2e224a,
        type: 3}
      propertyPath: m_LocalPosition.x
      value: 0
      objectReference: {fileID: 0}
    - target: {fileID: -4216859302048453862, guid: 18058981bffb0f041955ab517f2e224a,
        type: 3}
      propertyPath: m_LocalPosition.y
      value: 0
      objectReference: {fileID: 0}
    - target: {fileID: -4216859302048453862, guid: 18058981bffb0f041955ab517f2e224a,
        type: 3}
      propertyPath: m_LocalPosition.z
      value: 0
      objectReference: {fileID: 0}
    - target: {fileID: -4216859302048453862, guid: 18058981bffb0f041955ab517f2e224a,
        type: 3}
      propertyPath: m_LocalRotation.x
      value: -0
      objectReference: {fileID: 0}
    - target: {fileID: -4216859302048453862, guid: 18058981bffb0f041955ab517f2e224a,
        type: 3}
      propertyPath: m_LocalRotation.y
      value: -0
      objectReference: {fileID: 0}
    - target: {fileID: -4216859302048453862, guid: 18058981bffb0f041955ab517f2e224a,
        type: 3}
      propertyPath: m_LocalRotation.z
      value: -0
      objectReference: {fileID: 0}
    - target: {fileID: -4216859302048453862, guid: 18058981bffb0f041955ab517f2e224a,
        type: 3}
      propertyPath: m_LocalRotation.w
      value: 1
      objectReference: {fileID: 0}
    - target: {fileID: -4216859302048453862, guid: 18058981bffb0f041955ab517f2e224a,
        type: 3}
      propertyPath: m_RootOrder
      value: 0
      objectReference: {fileID: 0}
    - target: {fileID: -4216859302048453862, guid: 18058981bffb0f041955ab517f2e224a,
        type: 3}
      propertyPath: m_LocalEulerAnglesHint.x
      value: 0
      objectReference: {fileID: 0}
    - target: {fileID: -4216859302048453862, guid: 18058981bffb0f041955ab517f2e224a,
        type: 3}
      propertyPath: m_LocalEulerAnglesHint.y
      value: 0
      objectReference: {fileID: 0}
    - target: {fileID: -4216859302048453862, guid: 18058981bffb0f041955ab517f2e224a,
        type: 3}
      propertyPath: m_LocalEulerAnglesHint.z
      value: 0
      objectReference: {fileID: 0}
    - target: {fileID: -8281346260134947241, guid: 18058981bffb0f041955ab517f2e224a,
        type: 3}
      propertyPath: m_Layer
      value: 10
      objectReference: {fileID: 0}
    - target: {fileID: 6741376829706501255, guid: 18058981bffb0f041955ab517f2e224a,
        type: 3}
      propertyPath: m_Layer
      value: 10
      objectReference: {fileID: 0}
    - target: {fileID: -7780734103960978560, guid: 18058981bffb0f041955ab517f2e224a,
        type: 3}
      propertyPath: m_Materials.Array.data[0]
      value: 
      objectReference: {fileID: 2100000, guid: 31321ba15b8f8eb4c954353edc038b1d, type: 2}
    - target: {fileID: -2790299241290533326, guid: 18058981bffb0f041955ab517f2e224a,
        type: 3}
      propertyPath: m_Layer
      value: 10
      objectReference: {fileID: 0}
    - target: {fileID: 1586377029068425222, guid: 18058981bffb0f041955ab517f2e224a,
        type: 3}
      propertyPath: m_Layer
      value: 10
      objectReference: {fileID: 0}
    - target: {fileID: -8902085218536165170, guid: 18058981bffb0f041955ab517f2e224a,
        type: 3}
      propertyPath: m_Layer
      value: 10
      objectReference: {fileID: 0}
    - target: {fileID: -3368627000340184257, guid: 18058981bffb0f041955ab517f2e224a,
        type: 3}
      propertyPath: m_Layer
      value: 10
      objectReference: {fileID: 0}
    - target: {fileID: -3091484288499709409, guid: 18058981bffb0f041955ab517f2e224a,
        type: 3}
      propertyPath: m_Layer
      value: 10
      objectReference: {fileID: 0}
    - target: {fileID: 6076161556331111358, guid: 18058981bffb0f041955ab517f2e224a,
        type: 3}
      propertyPath: m_Layer
      value: 10
      objectReference: {fileID: 0}
    - target: {fileID: 5193791448877165310, guid: 18058981bffb0f041955ab517f2e224a,
        type: 3}
      propertyPath: m_Layer
      value: 10
      objectReference: {fileID: 0}
    - target: {fileID: -5693729254881909170, guid: 18058981bffb0f041955ab517f2e224a,
        type: 3}
      propertyPath: m_Layer
      value: 10
      objectReference: {fileID: 0}
    - target: {fileID: 2267538612659444586, guid: 18058981bffb0f041955ab517f2e224a,
        type: 3}
      propertyPath: m_Layer
      value: 10
      objectReference: {fileID: 0}
    - target: {fileID: 2082580583751993499, guid: 18058981bffb0f041955ab517f2e224a,
        type: 3}
      propertyPath: m_Layer
      value: 10
      objectReference: {fileID: 0}
    - target: {fileID: -7615097499879617785, guid: 18058981bffb0f041955ab517f2e224a,
        type: 3}
      propertyPath: m_Layer
      value: 10
      objectReference: {fileID: 0}
    - target: {fileID: -8280609728861920657, guid: 18058981bffb0f041955ab517f2e224a,
        type: 3}
      propertyPath: m_Layer
      value: 10
      objectReference: {fileID: 0}
    - target: {fileID: 7589214460833606252, guid: 18058981bffb0f041955ab517f2e224a,
        type: 3}
      propertyPath: m_Layer
      value: 10
      objectReference: {fileID: 0}
    - target: {fileID: -1237294946004557345, guid: 18058981bffb0f041955ab517f2e224a,
        type: 3}
      propertyPath: m_Layer
      value: 10
      objectReference: {fileID: 0}
    - target: {fileID: 4331128990223987320, guid: 18058981bffb0f041955ab517f2e224a,
        type: 3}
      propertyPath: m_Layer
      value: 10
      objectReference: {fileID: 0}
    - target: {fileID: -5286816157709982624, guid: 18058981bffb0f041955ab517f2e224a,
        type: 3}
      propertyPath: m_Layer
      value: 10
      objectReference: {fileID: 0}
    - target: {fileID: -6768669987570291252, guid: 18058981bffb0f041955ab517f2e224a,
        type: 3}
      propertyPath: m_Layer
      value: 10
      objectReference: {fileID: 0}
    - target: {fileID: 2365611874650970366, guid: 18058981bffb0f041955ab517f2e224a,
        type: 3}
      propertyPath: m_Layer
      value: 10
      objectReference: {fileID: 0}
    - target: {fileID: 1515325948709943457, guid: 18058981bffb0f041955ab517f2e224a,
        type: 3}
      propertyPath: m_Layer
      value: 10
      objectReference: {fileID: 0}
    - target: {fileID: 676013281497012360, guid: 18058981bffb0f041955ab517f2e224a,
        type: 3}
      propertyPath: m_Layer
      value: 10
      objectReference: {fileID: 0}
    - target: {fileID: -8206080957449624277, guid: 18058981bffb0f041955ab517f2e224a,
        type: 3}
      propertyPath: m_Layer
      value: 10
      objectReference: {fileID: 0}
    - target: {fileID: -16837860784783306, guid: 18058981bffb0f041955ab517f2e224a,
        type: 3}
      propertyPath: m_Layer
      value: 10
      objectReference: {fileID: 0}
    - target: {fileID: -1000350192026764690, guid: 18058981bffb0f041955ab517f2e224a,
        type: 3}
      propertyPath: m_Layer
      value: 10
      objectReference: {fileID: 0}
    - target: {fileID: -747498851846606248, guid: 18058981bffb0f041955ab517f2e224a,
        type: 3}
      propertyPath: m_Layer
      value: 10
      objectReference: {fileID: 0}
    - target: {fileID: 7603724484043414190, guid: 18058981bffb0f041955ab517f2e224a,
        type: 3}
      propertyPath: m_Layer
      value: 10
      objectReference: {fileID: 0}
    - target: {fileID: 7793661087406073462, guid: 18058981bffb0f041955ab517f2e224a,
        type: 3}
      propertyPath: m_Layer
      value: 10
      objectReference: {fileID: 0}
    - target: {fileID: 6945793977574975192, guid: 18058981bffb0f041955ab517f2e224a,
        type: 3}
      propertyPath: m_Layer
      value: 10
      objectReference: {fileID: 0}
    - target: {fileID: 5269908900138068136, guid: 18058981bffb0f041955ab517f2e224a,
        type: 3}
      propertyPath: m_Layer
      value: 10
      objectReference: {fileID: 0}
    - target: {fileID: 5720429179690098284, guid: 18058981bffb0f041955ab517f2e224a,
        type: 3}
      propertyPath: m_Layer
      value: 10
      objectReference: {fileID: 0}
    - target: {fileID: 4767583486230833598, guid: 18058981bffb0f041955ab517f2e224a,
        type: 3}
      propertyPath: m_Layer
      value: 10
      objectReference: {fileID: 0}
    - target: {fileID: -6477791127362050639, guid: 18058981bffb0f041955ab517f2e224a,
        type: 3}
      propertyPath: m_Layer
      value: 10
      objectReference: {fileID: 0}
    - target: {fileID: -483987574712241326, guid: 18058981bffb0f041955ab517f2e224a,
        type: 3}
      propertyPath: m_Layer
      value: 10
      objectReference: {fileID: 0}
    - target: {fileID: 8071392505683064764, guid: 18058981bffb0f041955ab517f2e224a,
        type: 3}
      propertyPath: m_Layer
      value: 10
      objectReference: {fileID: 0}
    - target: {fileID: 7410182971027236420, guid: 18058981bffb0f041955ab517f2e224a,
        type: 3}
      propertyPath: m_Layer
      value: 10
      objectReference: {fileID: 0}
    - target: {fileID: 6764735963893148213, guid: 18058981bffb0f041955ab517f2e224a,
        type: 3}
      propertyPath: m_Layer
      value: 10
      objectReference: {fileID: 0}
    - target: {fileID: 4549331531343736357, guid: 18058981bffb0f041955ab517f2e224a,
        type: 3}
      propertyPath: m_Layer
      value: 10
      objectReference: {fileID: 0}
    - target: {fileID: 4531926662398157404, guid: 18058981bffb0f041955ab517f2e224a,
        type: 3}
      propertyPath: m_Layer
      value: 10
      objectReference: {fileID: 0}
    - target: {fileID: 3143827501810420446, guid: 18058981bffb0f041955ab517f2e224a,
        type: 3}
      propertyPath: m_Layer
      value: 10
      objectReference: {fileID: 0}
    - target: {fileID: 3189586659365909596, guid: 18058981bffb0f041955ab517f2e224a,
        type: 3}
      propertyPath: m_Layer
      value: 10
      objectReference: {fileID: 0}
    - target: {fileID: 776900141913468072, guid: 18058981bffb0f041955ab517f2e224a,
        type: 3}
      propertyPath: m_Layer
      value: 10
      objectReference: {fileID: 0}
    - target: {fileID: 8490566332499706886, guid: 18058981bffb0f041955ab517f2e224a,
        type: 3}
      propertyPath: m_Layer
      value: 10
      objectReference: {fileID: 0}
    - target: {fileID: -6418328125932278809, guid: 18058981bffb0f041955ab517f2e224a,
        type: 3}
      propertyPath: m_Layer
      value: 10
      objectReference: {fileID: 0}
    - target: {fileID: 1034452372374031725, guid: 18058981bffb0f041955ab517f2e224a,
        type: 3}
      propertyPath: m_Layer
      value: 10
      objectReference: {fileID: 0}
    - target: {fileID: 8104074013371880648, guid: 18058981bffb0f041955ab517f2e224a,
        type: 3}
      propertyPath: m_Layer
      value: 10
      objectReference: {fileID: 0}
    - target: {fileID: 5331497708753045357, guid: 18058981bffb0f041955ab517f2e224a,
        type: 3}
      propertyPath: m_Layer
      value: 10
      objectReference: {fileID: 0}
    - target: {fileID: -7458655714387930442, guid: 18058981bffb0f041955ab517f2e224a,
        type: 3}
      propertyPath: m_Layer
      value: 10
      objectReference: {fileID: 0}
    - target: {fileID: -8129669370587127220, guid: 18058981bffb0f041955ab517f2e224a,
        type: 3}
      propertyPath: m_Layer
      value: 10
      objectReference: {fileID: 0}
    - target: {fileID: 942113147603843717, guid: 18058981bffb0f041955ab517f2e224a,
        type: 3}
      propertyPath: m_Layer
      value: 10
      objectReference: {fileID: 0}
    - target: {fileID: -154104008470781943, guid: 18058981bffb0f041955ab517f2e224a,
        type: 3}
      propertyPath: m_Layer
      value: 10
      objectReference: {fileID: 0}
    - target: {fileID: -659763836533178697, guid: 18058981bffb0f041955ab517f2e224a,
        type: 3}
      propertyPath: m_Layer
      value: 10
      objectReference: {fileID: 0}
    - target: {fileID: 6352021754115871677, guid: 18058981bffb0f041955ab517f2e224a,
        type: 3}
      propertyPath: m_Layer
      value: 10
      objectReference: {fileID: 0}
    - target: {fileID: -2421819537897343080, guid: 18058981bffb0f041955ab517f2e224a,
        type: 3}
      propertyPath: m_Layer
      value: 10
      objectReference: {fileID: 0}
    - target: {fileID: -4862692722272967261, guid: 18058981bffb0f041955ab517f2e224a,
        type: 3}
      propertyPath: m_Layer
      value: 10
      objectReference: {fileID: 0}
    - target: {fileID: -4421984766592516968, guid: 18058981bffb0f041955ab517f2e224a,
        type: 3}
      propertyPath: m_Layer
      value: 10
      objectReference: {fileID: 0}
    - target: {fileID: 2678263296943666541, guid: 18058981bffb0f041955ab517f2e224a,
        type: 3}
      propertyPath: m_Layer
      value: 10
      objectReference: {fileID: 0}
    - target: {fileID: 1647974968521788955, guid: 18058981bffb0f041955ab517f2e224a,
        type: 3}
      propertyPath: m_Layer
      value: 10
      objectReference: {fileID: 0}
    - target: {fileID: 820395721319784328, guid: 18058981bffb0f041955ab517f2e224a,
        type: 3}
      propertyPath: m_Layer
      value: 10
      objectReference: {fileID: 0}
    - target: {fileID: 161325732100076570, guid: 18058981bffb0f041955ab517f2e224a,
        type: 3}
      propertyPath: m_Layer
      value: 10
      objectReference: {fileID: 0}
    - target: {fileID: -910292320215863799, guid: 18058981bffb0f041955ab517f2e224a,
        type: 3}
      propertyPath: m_Layer
      value: 10
      objectReference: {fileID: 0}
    - target: {fileID: -2273249591627441521, guid: 18058981bffb0f041955ab517f2e224a,
        type: 3}
      propertyPath: m_Layer
      value: 10
      objectReference: {fileID: 0}
    - target: {fileID: 4798183306033724042, guid: 18058981bffb0f041955ab517f2e224a,
        type: 3}
      propertyPath: m_Layer
      value: 10
      objectReference: {fileID: 0}
    - target: {fileID: 4186080032636042142, guid: 18058981bffb0f041955ab517f2e224a,
        type: 3}
      propertyPath: m_Layer
      value: 10
      objectReference: {fileID: 0}
    - target: {fileID: -8799249690995780780, guid: 18058981bffb0f041955ab517f2e224a,
        type: 3}
      propertyPath: m_Layer
      value: 10
      objectReference: {fileID: 0}
    m_RemovedComponents: []
  m_SourcePrefab: {fileID: 100100000, guid: 18058981bffb0f041955ab517f2e224a, type: 3}
--- !u!1 &602884999777676118 stripped
GameObject:
  m_CorrespondingSourceObject: {fileID: -927199367670048503, guid: 18058981bffb0f041955ab517f2e224a,
    type: 3}
  m_PrefabInstance: {fileID: 8898001948417438303}
  m_PrefabAsset: {fileID: 0}
--- !u!4 &4469463563982739781 stripped
Transform:
  m_CorrespondingSourceObject: {fileID: -4216859302048453862, guid: 18058981bffb0f041955ab517f2e224a,
    type: 3}
  m_PrefabInstance: {fileID: 8898001948417438303}
  m_PrefabAsset: {fileID: 0}
--- !u!1 &2197868119713065404 stripped
GameObject:
  m_CorrespondingSourceObject: {fileID: 7348863900575636451, guid: 18058981bffb0f041955ab517f2e224a,
    type: 3}
  m_PrefabInstance: {fileID: 8898001948417438303}
  m_PrefabAsset: {fileID: 0}
--- !u!1 &8533954963431367688 stripped
GameObject:
  m_CorrespondingSourceObject: {fileID: -8281346260134947241, guid: 18058981bffb0f041955ab517f2e224a,
    type: 3}
  m_PrefabInstance: {fileID: 8898001948417438303}
  m_PrefabAsset: {fileID: 0}
